[gd_scene load_steps=36 format=3 uid="uid://bydrqme3u3qch"]

[ext_resource type="Theme" uid="uid://b0ukm1yauu45l" path="res://game_theme.tres" id="1_g3vyy"]
[ext_resource type="Script" path="res://game.gd" id="2_rnggk"]
[ext_resource type="PackedScene" uid="uid://b42fie5plwhkk" path="res://upgrade.tscn" id="3_dgfjn"]
[ext_resource type="PackedScene" uid="uid://dfmflldqy40xl" path="res://assets/donut_viewport.tscn" id="3_li61n"]
[ext_resource type="Texture2D" uid="uid://d5e0u6hlc45v" path="res://assets/fine.png" id="3_r7vuq"]
[ext_resource type="PackedScene" uid="uid://24ym853rxefo" path="res://clicker.tscn" id="4_bwuom"]
[ext_resource type="Texture2D" uid="uid://cykh0k2bryc2g" path="res://assets/upgrades/arrow.png" id="5_g6w0m"]
[ext_resource type="Texture2D" uid="uid://bewkwkuurdwd2" path="res://assets/upgrades/cursor_small.png" id="5_ko3jx"]
[ext_resource type="Texture2D" uid="uid://cduadpkpwob4g" path="res://assets/upgrades/cursor.png" id="6_4wxga"]
[ext_resource type="Texture2D" uid="uid://b1rmnhiir0pbx" path="res://assets/upgrades/baker_small.png" id="6_mbxmj"]
[ext_resource type="Texture2D" uid="uid://c7sey403xjgps" path="res://assets/upgrades/baker.png" id="7_vb3r2"]
[ext_resource type="Texture2D" uid="uid://2yqaupv8yir6" path="res://assets/upgrades/farm.png" id="8_4o2xg"]
[ext_resource type="Texture2D" uid="uid://bkmvpcs44l48h" path="res://assets/upgrades/farm_small.png" id="8_i5dr6"]
[ext_resource type="Texture2D" uid="uid://dxnd4twunfw8c" path="res://assets/upgrades/mine.png" id="9_gcp5n"]
[ext_resource type="Texture2D" uid="uid://bevaa0lqtb1rn" path="res://assets/upgrades/mine_small.png" id="9_vnbse"]
[ext_resource type="Texture2D" uid="uid://bue4w0gw75w32" path="res://assets/upgrades/factory_small.png" id="10_lxypy"]
[ext_resource type="Texture2D" uid="uid://chry2ajip6bm7" path="res://assets/upgrades/factory.png" id="10_xpc5x"]
[ext_resource type="Texture2D" uid="uid://c3qfua7d02coj" path="res://assets/upgrades/bank.png" id="11_bcojx"]
[ext_resource type="Texture2D" uid="uid://33nyracsvhrp" path="res://assets/upgrades/bank_small.png" id="11_wdm6b"]
[ext_resource type="Texture2D" uid="uid://brbej5kywg3kn" path="res://assets/upgrades/ship_small.png" id="12_60j62"]
[ext_resource type="Texture2D" uid="uid://ftx72quyfdy7" path="res://assets/upgrades/ship.png" id="12_kgup2"]
[ext_resource type="Texture2D" uid="uid://c362071p3o46g" path="res://assets/upgrades/portal_small.png" id="13_4iyd8"]
[ext_resource type="Texture2D" uid="uid://dnbqgumnlcs7k" path="res://assets/background.png" id="13_ho3vr"]
[ext_resource type="Texture2D" uid="uid://c5nthgxu7fflk" path="res://assets/upgrades/portal.png" id="13_jdgma"]
[ext_resource type="Texture2D" uid="uid://8qk4srwct8tt" path="res://assets/nausea_squiggles.png" id="13_jnird"]
[ext_resource type="Texture2D" uid="uid://07gjmd7l8hns" path="res://assets/background_center.png" id="14_5ev2i"]
[ext_resource type="Texture2D" uid="uid://bn81wxyr4nein" path="res://assets/upgrades/donut_small.png" id="14_d36ql"]
[ext_resource type="Texture2D" uid="uid://yrfscnxw8uyw" path="res://assets/upgrades/donut.png" id="14_rpqnt"]
[ext_resource type="Texture2D" uid="uid://c2mdak3hqw125" path="res://assets/cookie.png" id="14_sdjy3"]

[sub_resource type="Curve" id="Curve_5j2ee"]
min_value = -1.0
_data = [Vector2(0, -1), 0.0, 0.0, 0, 0, Vector2(0.121564, -1), 0.0, 0.0, 0, 0, Vector2(0.381607, 1), 0.0, 0.0, 0, 0, Vector2(0.504228, 1), 0.0, 0.0, 0, 0, Vector2(0.618393, 1), 0.0, 0.0, 0, 0, Vector2(0.88055, -1), 0.0, 0.0, 0, 0, Vector2(1, -1), 0.0, 0.0, 0, 0]
point_count = 7

[sub_resource type="Animation" id="Animation_r5b14"]
length = 0.001
tracks/0/type = "value"
tracks/0/imported = false
tracks/0/enabled = true
tracks/0/path = NodePath(".:theme_override_constants/margin_left")
tracks/0/interp = 1
tracks/0/loop_wrap = true
tracks/0/keys = {
"times": PackedFloat32Array(0),
"transitions": PackedFloat32Array(1),
"update": 1,
"values": [0]
}

[sub_resource type="Animation" id="Animation_a0xbw"]
resource_name = "Slide"
length = 2.7
loop_mode = 1
tracks/0/type = "value"
tracks/0/imported = false
tracks/0/enabled = true
tracks/0/path = NodePath(".:theme_override_constants/margin_left")
tracks/0/interp = 1
tracks/0/loop_wrap = true
tracks/0/keys = {
"times": PackedFloat32Array(0, 0.1, 0.2, 0.3, 0.4, 0.5, 0.6, 0.7, 0.8, 0.9, 1, 1.1, 1.2, 1.3, 1.4, 1.5, 1.6, 1.7, 1.8, 1.9, 2, 2.1, 2.2, 2.3, 2.4, 2.5, 2.6, 2.7),
"transitions": PackedFloat32Array(1, 1, 1, 1, 1, 1, 1, 1, 1, 1, 1, 1, 1, 1, 1, 1, 1, 1, 1, 1, 1, 1, 1, 1, 1, 1, 1, 1),
"update": 1,
"values": [-14, -13, -12, -11, -10, -9, -8, -7, -6, -5, -4, -3, -2, -1, 0, 1, 2, 3, 4, 5, 6, 7, 8, 9, 10, 11, 12, 13]
}

[sub_resource type="Animation" id="Animation_b2uvx"]
resource_name = "Wobble"
length = 1.4
loop_mode = 2
tracks/0/type = "value"
tracks/0/imported = false
tracks/0/enabled = true
tracks/0/path = NodePath(".:theme_override_constants/margin_left")
tracks/0/interp = 1
tracks/0/loop_wrap = true
tracks/0/keys = {
"times": PackedFloat32Array(0, 0.1, 0.2, 0.3, 0.4, 0.5, 0.6, 0.7, 0.8, 0.9, 1, 1.1, 1.2, 1.3, 1.4),
"transitions": PackedFloat32Array(1, 1, 1, 1, 1, 1, 1, 1, 1, 1, 1, 1, 1, 1, 1),
"update": 1,
"values": [-14, -13, -12, -11, -10, -9, -8, -7, -6, -5, -4, -3, -2, -1, 0]
}

[sub_resource type="AnimationLibrary" id="AnimationLibrary_ac47u"]
_data = {
"RESET": SubResource("Animation_r5b14"),
"Slide": SubResource("Animation_a0xbw"),
"Wobble": SubResource("Animation_b2uvx")
}

[sub_resource type="StyleBoxEmpty" id="StyleBoxEmpty_v3ngs"]

[node name="Control" type="Control"]
layout_mode = 3
anchors_preset = 15
anchor_right = 1.0
anchor_bottom = 1.0
grow_horizontal = 2
grow_vertical = 2
size_flags_horizontal = 3
theme = ExtResource("1_g3vyy")
script = ExtResource("2_rnggk")
nausea_curve = SubResource("Curve_5j2ee")

[node name="HBoxContainer" type="HBoxContainer" parent="."]
layout_mode = 1
anchors_preset = 15
anchor_right = 1.0
anchor_bottom = 1.0
grow_horizontal = 2
grow_vertical = 2
theme = ExtResource("1_g3vyy")
theme_override_constants/separation = 0

[node name="MenuPanel" type="NinePatchRect" parent="HBoxContainer"]
texture_filter = 1
layout_mode = 2
size_flags_horizontal = 3
theme = ExtResource("1_g3vyy")
texture = ExtResource("13_ho3vr")
patch_margin_left = 14
patch_margin_top = 14
patch_margin_right = 14
patch_margin_bottom = 14

[node name="MarginContainer" type="MarginContainer" parent="HBoxContainer/MenuPanel"]
texture_filter = 2
layout_mode = 1
anchors_preset = 15
anchor_right = 1.0
anchor_bottom = 1.0
grow_horizontal = 2
grow_vertical = 2
size_flags_horizontal = 3
size_flags_vertical = 0
theme = ExtResource("1_g3vyy")

[node name="ReferenceRect" type="ReferenceRect" parent="HBoxContainer/MenuPanel/MarginContainer"]
layout_mode = 2
mouse_filter = 2
theme = ExtResource("1_g3vyy")

[node name="VBoxContainer" type="VBoxContainer" parent="HBoxContainer/MenuPanel/MarginContainer"]
layout_mode = 2
theme = ExtResource("1_g3vyy")

[node name="TabContainer" type="TabContainer" parent="HBoxContainer/MenuPanel/MarginContainer"]
layout_mode = 2
theme = ExtResource("1_g3vyy")

[node name="Diary" type="VBoxContainer" parent="HBoxContainer/MenuPanel/MarginContainer/TabContainer"]
layout_mode = 2
theme = ExtResource("1_g3vyy")

[node name="Label" type="Label" parent="HBoxContainer/MenuPanel/MarginContainer/TabContainer/Diary"]
layout_mode = 2
theme = ExtResource("1_g3vyy")
text = "Donut Diary:"

[node name="HSeparator" type="HSeparator" parent="HBoxContainer/MenuPanel/MarginContainer/TabContainer/Diary"]
layout_mode = 2
theme = ExtResource("1_g3vyy")

[node name="TextEdit" type="TextEdit" parent="HBoxContainer/MenuPanel/MarginContainer/TabContainer/Diary"]
layout_mode = 2
size_flags_vertical = 3
theme = ExtResource("1_g3vyy")
placeholder_text = "Tell me all of your secrets.


















                                          I love you."

[node name="Cheats" type="VBoxContainer" parent="HBoxContainer/MenuPanel/MarginContainer/TabContainer"]
visible = false
layout_mode = 2
theme = ExtResource("1_g3vyy")

[node name="Label" type="Label" parent="HBoxContainer/MenuPanel/MarginContainer/TabContainer/Cheats"]
layout_mode = 2
theme = ExtResource("1_g3vyy")
text = "Cheats Menu:"

[node name="HSeparator" type="HSeparator" parent="HBoxContainer/MenuPanel/MarginContainer/TabContainer/Cheats"]
layout_mode = 2
theme = ExtResource("1_g3vyy")

[node name="Points Per Click" type="Label" parent="HBoxContainer/MenuPanel/MarginContainer/TabContainer/Cheats"]
layout_mode = 2
theme = ExtResource("1_g3vyy")
text = "Donuts Per Click:"

[node name="SpinBox" type="SpinBox" parent="HBoxContainer/MenuPanel/MarginContainer/TabContainer/Cheats"]
layout_mode = 2
theme = ExtResource("1_g3vyy")
min_value = 1.0
max_value = 10000.0
value = 1.0
allow_greater = true
suffix = "donuts"

[node name="Label3" type="Label" parent="HBoxContainer/MenuPanel/MarginContainer/TabContainer/Cheats"]
layout_mode = 2
theme = ExtResource("1_g3vyy")
text = "Score Adjuster:"

[node name="HSlider" type="HSlider" parent="HBoxContainer/MenuPanel/MarginContainer/TabContainer/Cheats"]
layout_mode = 2
theme = ExtResource("1_g3vyy")
min_value = 1.0
value = 1.0
exp_edit = true

[node name="Settings" type="ScrollContainer" parent="HBoxContainer/MenuPanel/MarginContainer/TabContainer"]
visible = false
layout_mode = 2
theme = ExtResource("1_g3vyy")

[node name="VBox" type="VBoxContainer" parent="HBoxContainer/MenuPanel/MarginContainer/TabContainer/Settings"]
layout_mode = 2
size_flags_horizontal = 3
theme = ExtResource("1_g3vyy")

[node name="Customize" type="Label" parent="HBoxContainer/MenuPanel/MarginContainer/TabContainer/Settings/VBox"]
layout_mode = 2
theme = ExtResource("1_g3vyy")
text = "Customization:"

[node name="HSeparator" type="HSeparator" parent="HBoxContainer/MenuPanel/MarginContainer/TabContainer/Settings/VBox"]
layout_mode = 2
theme = ExtResource("1_g3vyy")

[node name="HBoxContainer" type="HBoxContainer" parent="HBoxContainer/MenuPanel/MarginContainer/TabContainer/Settings/VBox"]
layout_mode = 2
theme = ExtResource("1_g3vyy")

[node name="Label" type="Label" parent="HBoxContainer/MenuPanel/MarginContainer/TabContainer/Settings/VBox/HBoxContainer"]
layout_mode = 2
theme = ExtResource("1_g3vyy")
text = "Icing Color   "

[node name="IcingColor" type="ColorPickerButton" parent="HBoxContainer/MenuPanel/MarginContainer/TabContainer/Settings/VBox/HBoxContainer"]
custom_minimum_size = Vector2(0, 64)
layout_mode = 2
size_flags_horizontal = 3
theme = ExtResource("1_g3vyy")
color = Color(0.996094, 0.695313, 0.882813, 1)

[node name="HSeparator2" type="HSeparator" parent="HBoxContainer/MenuPanel/MarginContainer/TabContainer/Settings/VBox"]
layout_mode = 2
theme = ExtResource("1_g3vyy")

[node name="HBoxContainer2" type="HBoxContainer" parent="HBoxContainer/MenuPanel/MarginContainer/TabContainer/Settings/VBox"]
layout_mode = 2
theme = ExtResource("1_g3vyy")

[node name="Label" type="Label" parent="HBoxContainer/MenuPanel/MarginContainer/TabContainer/Settings/VBox/HBoxContainer2"]
layout_mode = 2
theme = ExtResource("1_g3vyy")
text = "Background
Color"
horizontal_alignment = 1

[node name="BackgroundColor" type="ColorPickerButton" parent="HBoxContainer/MenuPanel/MarginContainer/TabContainer/Settings/VBox/HBoxContainer2"]
custom_minimum_size = Vector2(0, 64)
layout_mode = 2
size_flags_horizontal = 3
theme = ExtResource("1_g3vyy")
color = Color(0, 0.691406, 0.996094, 1)

[node name="HSeparator3" type="HSeparator" parent="HBoxContainer/MenuPanel/MarginContainer/TabContainer/Settings/VBox"]
layout_mode = 2
theme = ExtResource("1_g3vyy")

[node name="Nausea" type="Label" parent="HBoxContainer/MenuPanel/MarginContainer/TabContainer/Settings/VBox"]
layout_mode = 2
theme = ExtResource("1_g3vyy")
text = "Nausea Settings:"

[node name="HSeparator4" type="HSeparator" parent="HBoxContainer/MenuPanel/MarginContainer/TabContainer/Settings/VBox"]
layout_mode = 2
theme = ExtResource("1_g3vyy")

[node name="Background" type="Label" parent="HBoxContainer/MenuPanel/MarginContainer/TabContainer/Settings/VBox"]
layout_mode = 2
theme = ExtResource("1_g3vyy")
text = "Background Movement"

[node name="BackgroundMove" type="OptionButton" parent="HBoxContainer/MenuPanel/MarginContainer/TabContainer/Settings/VBox"]
layout_mode = 2
theme = ExtResource("1_g3vyy")
item_count = 3
selected = 1
popup/item_0/text = "None"
popup/item_0/id = 0
popup/item_1/text = "Slide"
popup/item_1/id = 1
popup/item_2/text = "Rock"
popup/item_2/id = 2

[node name="BackSpeed" type="Label" parent="HBoxContainer/MenuPanel/MarginContainer/TabContainer/Settings/VBox"]
layout_mode = 2
theme = ExtResource("1_g3vyy")
text = "Background Speed"
horizontal_alignment = 1

[node name="BackgroundSpeed" type="HSlider" parent="HBoxContainer/MenuPanel/MarginContainer/TabContainer/Settings/VBox"]
layout_mode = 2
theme = ExtResource("1_g3vyy")
min_value = 0.5
max_value = 10.0
step = 0.1
value = 1.0
exp_edit = true

[node name="HSeparator5" type="HSeparator" parent="HBoxContainer/MenuPanel/MarginContainer/TabContainer/Settings/VBox"]
layout_mode = 2
theme = ExtResource("1_g3vyy")

[node name="Donut" type="Label" parent="HBoxContainer/MenuPanel/MarginContainer/TabContainer/Settings/VBox"]
layout_mode = 2
theme = ExtResource("1_g3vyy")
text = "Donut
"

[node name="Pop" type="CheckButton" parent="HBoxContainer/MenuPanel/MarginContainer/TabContainer/Settings/VBox"]
layout_mode = 2
theme = ExtResource("1_g3vyy")
button_pressed = true
text = "   Playful Popping"

[node name="Spinning" type="CheckButton" parent="HBoxContainer/MenuPanel/MarginContainer/TabContainer/Settings/VBox"]
layout_mode = 2
theme = ExtResource("1_g3vyy")
button_pressed = true
text = "   Constant Spinning"

[node name="Rocking" type="CheckButton" parent="HBoxContainer/MenuPanel/MarginContainer/TabContainer/Settings/VBox"]
layout_mode = 2
theme = ExtResource("1_g3vyy")
button_pressed = true
text = "   Subtle Rocking"

[node name="Flipping" type="CheckButton" parent="HBoxContainer/MenuPanel/MarginContainer/TabContainer/Settings/VBox"]
layout_mode = 2
theme = ExtResource("1_g3vyy")
button_pressed = true
text = "   Violent Flipping"

[node name="MoreFlipping" type="CheckBox" parent="HBoxContainer/MenuPanel/MarginContainer/TabContainer/Settings/VBox"]
layout_mode = 2
size_flags_horizontal = 8
theme = ExtResource("1_g3vyy")
text = "Always Violent Flipping  "

[node name="Label" type="Label" parent="HBoxContainer/MenuPanel/MarginContainer/TabContainer/Settings/VBox"]
layout_mode = 2
theme = ExtResource("1_g3vyy")
text = "Button Texture:"

[node name="ViewportTab" type="OptionButton" parent="HBoxContainer/MenuPanel/MarginContainer/TabContainer/Settings/VBox"]
layout_mode = 2
theme = ExtResource("1_g3vyy")
item_count = 3
selected = 0
popup/item_0/text = "   Nausea Donut"
popup/item_0/id = 0
popup/item_1/text = "   This Is Fine"
popup/item_1/id = 1
popup/item_2/text = "   The Original"
popup/item_2/id = 2

[node name="HSeparator6" type="HSeparator" parent="HBoxContainer/MenuPanel/MarginContainer/TabContainer/Settings/VBox"]
layout_mode = 2
theme = ExtResource("1_g3vyy")

[node name="Squiggles" type="CheckButton" parent="HBoxContainer/MenuPanel/MarginContainer/TabContainer/Settings/VBox"]
layout_mode = 2
theme = ExtResource("1_g3vyy")
text = "Nausea Squiggles"

[node name="Speed" type="Label" parent="HBoxContainer/MenuPanel/MarginContainer/TabContainer/Settings/VBox"]
layout_mode = 2
theme = ExtResource("1_g3vyy")
text = "Rotation Speed"
horizontal_alignment = 1

[node name="SquiggleSpeed" type="HSlider" parent="HBoxContainer/MenuPanel/MarginContainer/TabContainer/Settings/VBox"]
layout_mode = 2
theme = ExtResource("1_g3vyy")
min_value = 0.1
max_value = 5.0
step = 0.1
value = 1.0

[node name="HorribleRotations" type="CheckBox" parent="HBoxContainer/MenuPanel/MarginContainer/TabContainer/Settings/VBox"]
layout_mode = 2
size_flags_horizontal = 8
theme = ExtResource("1_g3vyy")
text = "Why????????????  "

[node name="InvertTime" type="SpinBox" parent="HBoxContainer/MenuPanel/MarginContainer/TabContainer/Settings/VBox"]
custom_minimum_size = Vector2(160, 0)
layout_mode = 2
size_flags_horizontal = 8
theme = ExtResource("1_g3vyy")
min_value = 1.0
max_value = 10.0
step = 0.1
value = 3.0
alignment = 2
prefix = "Invert Time:"

[node name="Space" type="ReferenceRect" parent="HBoxContainer/MenuPanel/MarginContainer/TabContainer/Settings/VBox"]
custom_minimum_size = Vector2(0, 256)
layout_mode = 2
theme = ExtResource("1_g3vyy")

[node name="Wiki" type="VBoxContainer" parent="HBoxContainer/MenuPanel/MarginContainer/TabContainer"]
visible = false
layout_mode = 2
theme = ExtResource("1_g3vyy")

[node name="RichTextLabel" type="RichTextLabel" parent="HBoxContainer/MenuPanel/MarginContainer/TabContainer/Wiki"]
layout_mode = 2
theme = ExtResource("1_g3vyy")
bbcode_enabled = true
text = "[b]WIKI:[/b]
This item will give you more [color=pink]donuts[/color].

Click another item to learn how it works!"
fit_content = true

[node name="HSeparator" type="HSeparator" parent="HBoxContainer/MenuPanel/MarginContainer/TabContainer/Wiki"]
layout_mode = 2
theme = ExtResource("1_g3vyy")

[node name="ItemList" type="ItemList" parent="HBoxContainer/MenuPanel/MarginContainer/TabContainer/Wiki"]
layout_mode = 2
theme = ExtResource("1_g3vyy")
auto_height = true
item_count = 10
item_0/text = "Mouse Cursor"
item_0/icon = ExtResource("5_g6w0m")
item_1/text = "Clicker"
item_1/icon = ExtResource("5_ko3jx")
item_2/text = "Baker"
item_2/icon = ExtResource("6_mbxmj")
item_3/text = "Farm"
item_3/icon = ExtResource("8_i5dr6")
item_4/text = "Mine"
item_4/icon = ExtResource("9_vnbse")
item_5/text = "Factory"
item_5/icon = ExtResource("10_lxypy")
item_6/text = "Bank"
item_6/icon = ExtResource("11_wdm6b")
item_7/text = "Shipment"
item_7/icon = ExtResource("12_60j62")
item_8/text = "Portal"
item_8/icon = ExtResource("13_4iyd8")
item_9/text = "Donut Man"
item_9/icon = ExtResource("14_d36ql")

[node name="CenterPanel" type="NinePatchRect" parent="HBoxContainer"]
texture_filter = 1
clip_contents = true
layout_mode = 2
size_flags_horizontal = 3
size_flags_stretch_ratio = 1.5
theme = ExtResource("1_g3vyy")
texture = ExtResource("13_ho3vr")
draw_center = false
patch_margin_left = 14
patch_margin_top = 14
patch_margin_right = 14
patch_margin_bottom = 14
axis_stretch_horizontal = 1
axis_stretch_vertical = 2

[node name="MarginContainer" type="MarginContainer" parent="HBoxContainer/CenterPanel"]
show_behind_parent = true
layout_mode = 1
anchors_preset = 15
anchor_right = 1.0
anchor_bottom = 1.0
grow_horizontal = 2
grow_vertical = 2
theme = ExtResource("1_g3vyy")
theme_override_constants/margin_left = 0
theme_override_constants/margin_top = 0
theme_override_constants/margin_right = 0
theme_override_constants/margin_bottom = 0

[node name="TextureRect" type="TextureRect" parent="HBoxContainer/CenterPanel/MarginContainer"]
modulate = Color(0, 0.694118, 1, 1)
texture_filter = 2
layout_mode = 2
theme = ExtResource("1_g3vyy")
texture = ExtResource("14_5ev2i")
stretch_mode = 1

[node name="Background" type="AnimationPlayer" parent="HBoxContainer/CenterPanel/MarginContainer"]
speed_scale = 2.0
libraries = {
"": SubResource("AnimationLibrary_ac47u")
}

[node name="VBoxContainer" type="VBoxContainer" parent="HBoxContainer/CenterPanel"]
show_behind_parent = true
layout_mode = 1
anchors_preset = 15
anchor_right = 1.0
anchor_bottom = 1.0
offset_left = -9.5
offset_right = 9.5
grow_horizontal = 2
grow_vertical = 2
size_flags_horizontal = 3
size_flags_stretch_ratio = 2.5
theme = ExtResource("1_g3vyy")

[node name="MarginContainer" type="MarginContainer" parent="HBoxContainer/CenterPanel/VBoxContainer"]
layout_mode = 2
theme = ExtResource("1_g3vyy")

[node name="VBoxContainer" type="VBoxContainer" parent="HBoxContainer/CenterPanel/VBoxContainer/MarginContainer"]
layout_mode = 2
theme = ExtResource("1_g3vyy")

[node name="LineEdit" type="LineEdit" parent="HBoxContainer/CenterPanel/VBoxContainer/MarginContainer/VBoxContainer"]
layout_mode = 2
theme = ExtResource("1_g3vyy")
theme_type_variation = &"TitleLineEdit"
text = "Queasy Quinn's Delectable Donuts"
placeholder_text = "Your Name Here!"
alignment = 1

[node name="Label" type="Label" parent="HBoxContainer/CenterPanel/VBoxContainer/MarginContainer/VBoxContainer"]
layout_mode = 2
theme = ExtResource("1_g3vyy")
theme_type_variation = &"TitleLabel"
text = "0 Donuts - How Sad!"
horizontal_alignment = 1

[node name="Container" type="MarginContainer" parent="HBoxContainer/CenterPanel/VBoxContainer"]
layout_mode = 2
size_flags_horizontal = 3
size_flags_vertical = 3
theme = ExtResource("1_g3vyy")
theme_override_constants/margin_left = 128
theme_override_constants/margin_top = 128
theme_override_constants/margin_right = 128
theme_override_constants/margin_bottom = 128

[node name="MarginContainer2" type="MarginContainer" parent="HBoxContainer/CenterPanel/VBoxContainer/Container"]
layout_mode = 2
theme = ExtResource("1_g3vyy")
theme_override_constants/margin_left = -96
theme_override_constants/margin_top = -96
theme_override_constants/margin_right = -96
theme_override_constants/margin_bottom = -96

[node name="SubViewportContainer" type="SubViewportContainer" parent="HBoxContainer/CenterPanel/VBoxContainer/Container/MarginContainer2"]
layout_mode = 2
theme = ExtResource("1_g3vyy")
stretch = true

[node name="SubViewport" type="SubViewport" parent="HBoxContainer/CenterPanel/VBoxContainer/Container/MarginContainer2/SubViewportContainer"]
transparent_bg = true
handle_input_locally = false
size = Vector2i(448, 475)
size_2d_override = Vector2i(128, 128)
size_2d_override_stretch = true
render_target_update_mode = 4

[node name="NauseaSquiggles" type="Sprite2D" parent="HBoxContainer/CenterPanel/VBoxContainer/Container/MarginContainer2/SubViewportContainer/SubViewport"]
visible = false
position = Vector2(64, 64)
texture = ExtResource("13_jnird")

[node name="NauseaSquiggles2" type="Sprite2D" parent="HBoxContainer/CenterPanel/VBoxContainer/Container/MarginContainer2/SubViewportContainer/SubViewport"]
visible = false
position = Vector2(64, 64)
scale = Vector2(0.75, 0.75)
texture = ExtResource("13_jnird")

[node name="ReferenceRect" type="ReferenceRect" parent="HBoxContainer/CenterPanel/VBoxContainer/Container/MarginContainer2"]
layout_mode = 2
theme = ExtResource("1_g3vyy")
border_width = 2.0

[node name="Button" type="TextureButton" parent="HBoxContainer/CenterPanel/VBoxContainer/Container"]
custom_minimum_size = Vector2(256, 256)
layout_mode = 2
focus_mode = 0
theme = ExtResource("1_g3vyy")
stretch_mode = 0

[node name="ReferenceRect" type="ReferenceRect" parent="HBoxContainer/CenterPanel/VBoxContainer/Container/Button"]
layout_mode = 1
anchors_preset = 15
anchor_right = 1.0
anchor_bottom = 1.0
grow_horizontal = 2
grow_vertical = 2
mouse_filter = 2
theme = ExtResource("1_g3vyy")
border_width = 2.0

[node name="TabContainer" type="TabContainer" parent="HBoxContainer/CenterPanel/VBoxContainer/Container/Button"]
layout_mode = 1
anchors_preset = 15
anchor_right = 1.0
anchor_bottom = 1.0
grow_horizontal = 2
grow_vertical = 2
theme = ExtResource("1_g3vyy")
theme_override_styles/panel = SubResource("StyleBoxEmpty_v3ngs")
tabs_visible = false

[node name="SubViewportContainer" type="SubViewportContainer" parent="HBoxContainer/CenterPanel/VBoxContainer/Container/Button/TabContainer"]
show_behind_parent = true
layout_mode = 2
theme = ExtResource("1_g3vyy")
stretch = true

[node name="Donut_Viewport" parent="HBoxContainer/CenterPanel/VBoxContainer/Container/Button/TabContainer/SubViewportContainer" instance=ExtResource("3_li61n")]
handle_input_locally = false
size = Vector2i(256, 283)
render_target_update_mode = 4

[node name="FineTexture" type="TextureRect" parent="HBoxContainer/CenterPanel/VBoxContainer/Container/Button/TabContainer"]
visible = false
layout_mode = 2
mouse_filter = 2
theme = ExtResource("1_g3vyy")
texture = ExtResource("3_r7vuq")

[node name="CookieTexture" type="TextureRect" parent="HBoxContainer/CenterPanel/VBoxContainer/Container/Button/TabContainer"]
visible = false
layout_mode = 2
mouse_filter = 2
theme = ExtResource("1_g3vyy")
texture = ExtResource("14_sdjy3")

[node name="MarginContainer2" type="MarginContainer" parent="HBoxContainer/CenterPanel"]
layout_mode = 1
anchors_preset = 12
anchor_top = 1.0
anchor_right = 1.0
anchor_bottom = 1.0
offset_top = -51.0
grow_horizontal = 2
grow_vertical = 0
theme = ExtResource("1_g3vyy")

[node name="LinkButton" type="LinkButton" parent="HBoxContainer/CenterPanel/MarginContainer2"]
layout_mode = 2
size_flags_horizontal = 0
theme = ExtResource("1_g3vyy")
text = " SdgGames on Youtube"
uri = "https://www.youtube.com/c/SDGGames"

[node name="UpgradesPanel" type="NinePatchRect" parent="HBoxContainer"]
texture_filter = 1
layout_mode = 2
size_flags_horizontal = 3
theme = ExtResource("1_g3vyy")
texture = ExtResource("13_ho3vr")
patch_margin_left = 14
patch_margin_top = 14
patch_margin_right = 14
patch_margin_bottom = 14

[node name="MarginContainer" type="MarginContainer" parent="HBoxContainer/UpgradesPanel"]
texture_filter = 2
layout_mode = 1
anchors_preset = 15
anchor_right = 1.0
anchor_bottom = 1.0
grow_horizontal = 2
grow_vertical = 2
theme = ExtResource("1_g3vyy")

[node name="ReferenceRect" type="ReferenceRect" parent="HBoxContainer/UpgradesPanel/MarginContainer"]
layout_mode = 2
mouse_filter = 2
theme = ExtResource("1_g3vyy")

[node name="VSplitContainer" type="VSplitContainer" parent="HBoxContainer/UpgradesPanel/MarginContainer"]
layout_mode = 2
theme = ExtResource("1_g3vyy")
split_offset = 80

[node name="ScrollContainer" type="ScrollContainer" parent="HBoxContainer/UpgradesPanel/MarginContainer/VSplitContainer"]
layout_mode = 2
theme = ExtResource("1_g3vyy")

[node name="FlowContainer" type="HFlowContainer" parent="HBoxContainer/UpgradesPanel/MarginContainer/VSplitContainer/ScrollContainer"]
layout_mode = 2
size_flags_horizontal = 3
theme = ExtResource("1_g3vyy")
alignment = 1

[node name="Cursor_Upgrade" parent="HBoxContainer/UpgradesPanel/MarginContainer/VSplitContainer/ScrollContainer/FlowContainer" instance=ExtResource("3_dgfjn")]
layout_mode = 2
icon = ExtResource("5_g6w0m")
item_num = -1
clicker_name = "Arrow"
my_color = Color(0.737255, 0.737255, 0.737255, 1)

[node name="Clicker_Upgrade" parent="HBoxContainer/UpgradesPanel/MarginContainer/VSplitContainer/ScrollContainer/FlowContainer" instance=ExtResource("3_dgfjn")]
layout_mode = 2
icon = ExtResource("5_ko3jx")
clicker_name = "Clicker"
my_color = Color(0.737255, 0.737255, 0.737255, 1)

[node name="Baker_Upgrade" parent="HBoxContainer/UpgradesPanel/MarginContainer/VSplitContainer/ScrollContainer/FlowContainer" instance=ExtResource("3_dgfjn")]
layout_mode = 2
icon = ExtResource("6_mbxmj")
item_num = 1
clicker_name = "Baker"
my_color = Color(0.737255, 0.737255, 0.737255, 1)
base_cost = 200.0

[node name="Farm_Upgrade" parent="HBoxContainer/UpgradesPanel/MarginContainer/VSplitContainer/ScrollContainer/FlowContainer" instance=ExtResource("3_dgfjn")]
layout_mode = 2
icon = ExtResource("8_i5dr6")
item_num = 2
clicker_name = "Farm"
my_color = Color(0.737255, 0.737255, 0.737255, 1)
base_cost = 3000.0

[node name="Mine_Upgrade" parent="HBoxContainer/UpgradesPanel/MarginContainer/VSplitContainer/ScrollContainer/FlowContainer" instance=ExtResource("3_dgfjn")]
layout_mode = 2
icon = ExtResource("9_vnbse")
item_num = 3
clicker_name = "Mine"
my_color = Color(0.737255, 0.737255, 0.737255, 1)
base_cost = 3000.0

[node name="Factory_Upgrade" parent="HBoxContainer/UpgradesPanel/MarginContainer/VSplitContainer/ScrollContainer/FlowContainer" instance=ExtResource("3_dgfjn")]
layout_mode = 2
icon = ExtResource("10_lxypy")
item_num = 4
clicker_name = "Factory"
my_color = Color(0.737255, 0.737255, 0.737255, 1)
base_cost = 1000.0

[node name="Bank_Upgrade" parent="HBoxContainer/UpgradesPanel/MarginContainer/VSplitContainer/ScrollContainer/FlowContainer" instance=ExtResource("3_dgfjn")]
layout_mode = 2
icon = ExtResource("11_wdm6b")
item_num = 5
clicker_name = "Bank"
my_color = Color(0.737255, 0.737255, 0.737255, 1)
base_cost = 140000.0

[node name="Shipment_Upgrade" parent="HBoxContainer/UpgradesPanel/MarginContainer/VSplitContainer/ScrollContainer/FlowContainer" instance=ExtResource("3_dgfjn")]
layout_mode = 2
icon = ExtResource("12_60j62")
item_num = 6
clicker_name = "Shipment"
my_color = Color(0.737255, 0.737255, 0.737255, 1)
base_cost = 1e+06

[node name="Portal_Upgrade" parent="HBoxContainer/UpgradesPanel/MarginContainer/VSplitContainer/ScrollContainer/FlowContainer" instance=ExtResource("3_dgfjn")]
layout_mode = 2
icon = ExtResource("13_4iyd8")
item_num = 7
clicker_name = "Portal"
my_color = Color(0.737255, 0.737255, 0.737255, 1)
base_cost = 2e+07

[node name="Donut_Man_Upgrade" parent="HBoxContainer/UpgradesPanel/MarginContainer/VSplitContainer/ScrollContainer/FlowContainer" instance=ExtResource("3_dgfjn")]
layout_mode = 2
icon = ExtResource("14_d36ql")
item_num = 8
clicker_name = "Donut Man"
my_color = Color(0.737255, 0.737255, 0.737255, 1)
base_cost = 2e+09

[node name="Cursor_Upgrade2" parent="HBoxContainer/UpgradesPanel/MarginContainer/VSplitContainer/ScrollContainer/FlowContainer" instance=ExtResource("3_dgfjn")]
layout_mode = 2
icon = ExtResource("5_g6w0m")
item_num = -1
clicker_name = "Arrow"
my_color = Color(0, 0.996094, 0.996094, 1)
cost_level = 2

[node name="Clicker_Upgrade2" parent="HBoxContainer/UpgradesPanel/MarginContainer/VSplitContainer/ScrollContainer/FlowContainer" instance=ExtResource("3_dgfjn")]
layout_mode = 2
icon = ExtResource("5_ko3jx")
clicker_name = "Clicker"
my_color = Color(0, 0.996094, 0.996094, 1)
cost_level = 2

[node name="Baker_Upgrade2" parent="HBoxContainer/UpgradesPanel/MarginContainer/VSplitContainer/ScrollContainer/FlowContainer" instance=ExtResource("3_dgfjn")]
layout_mode = 2
icon = ExtResource("6_mbxmj")
item_num = 1
clicker_name = "Baker"
my_color = Color(0, 0.996094, 0.996094, 1)
base_cost = 200.0
cost_level = 2

[node name="Farm_Upgrade2" parent="HBoxContainer/UpgradesPanel/MarginContainer/VSplitContainer/ScrollContainer/FlowContainer" instance=ExtResource("3_dgfjn")]
layout_mode = 2
icon = ExtResource("8_i5dr6")
item_num = 2
clicker_name = "Farm"
my_color = Color(0, 0.996094, 0.996094, 1)
base_cost = 3000.0
cost_level = 2

[node name="Mine_Upgrade2" parent="HBoxContainer/UpgradesPanel/MarginContainer/VSplitContainer/ScrollContainer/FlowContainer" instance=ExtResource("3_dgfjn")]
layout_mode = 2
icon = ExtResource("9_vnbse")
item_num = 3
clicker_name = "Mine"
my_color = Color(0, 0.996094, 0.996094, 1)
base_cost = 3000.0
cost_level = 2

[node name="Factory_Upgrade2" parent="HBoxContainer/UpgradesPanel/MarginContainer/VSplitContainer/ScrollContainer/FlowContainer" instance=ExtResource("3_dgfjn")]
layout_mode = 2
icon = ExtResource("10_lxypy")
item_num = 4
clicker_name = "Factory"
my_color = Color(0, 0.996094, 0.996094, 1)
base_cost = 1000.0
cost_level = 2

[node name="Bank_Upgrade2" parent="HBoxContainer/UpgradesPanel/MarginContainer/VSplitContainer/ScrollContainer/FlowContainer" instance=ExtResource("3_dgfjn")]
layout_mode = 2
icon = ExtResource("11_wdm6b")
item_num = 5
clicker_name = "Bank"
my_color = Color(0, 0.996094, 0.996094, 1)
base_cost = 140000.0
cost_level = 2

[node name="Shipment_Upgrade2" parent="HBoxContainer/UpgradesPanel/MarginContainer/VSplitContainer/ScrollContainer/FlowContainer" instance=ExtResource("3_dgfjn")]
layout_mode = 2
icon = ExtResource("12_60j62")
item_num = 6
clicker_name = "Shipment"
my_color = Color(0, 0.996094, 0.996094, 1)
base_cost = 1e+06
cost_level = 2

[node name="Portal_Upgrade2" parent="HBoxContainer/UpgradesPanel/MarginContainer/VSplitContainer/ScrollContainer/FlowContainer" instance=ExtResource("3_dgfjn")]
layout_mode = 2
icon = ExtResource("13_4iyd8")
item_num = 7
clicker_name = "Portal"
my_color = Color(0, 0.996094, 0.996094, 1)
base_cost = 2e+07
cost_level = 2

[node name="Donut_Man_Upgrade2" parent="HBoxContainer/UpgradesPanel/MarginContainer/VSplitContainer/ScrollContainer/FlowContainer" instance=ExtResource("3_dgfjn")]
layout_mode = 2
icon = ExtResource("14_d36ql")
item_num = 8
clicker_name = "Donut Man"
my_color = Color(0, 0.996094, 0.996094, 1)
base_cost = 2e+09
cost_level = 2

[node name="Cursor_Upgrade3" parent="HBoxContainer/UpgradesPanel/MarginContainer/VSplitContainer/ScrollContainer/FlowContainer" instance=ExtResource("3_dgfjn")]
layout_mode = 2
icon = ExtResource("5_g6w0m")
item_num = -1
clicker_name = "Arrow"
my_color = Color(0.558594, 0.734375, 0.558594, 1)
cost_level = 3

[node name="Clicker_Upgrade3" parent="HBoxContainer/UpgradesPanel/MarginContainer/VSplitContainer/ScrollContainer/FlowContainer" instance=ExtResource("3_dgfjn")]
layout_mode = 2
icon = ExtResource("5_ko3jx")
clicker_name = "Clicker"
my_color = Color(0.558594, 0.734375, 0.558594, 1)
cost_level = 3

[node name="Baker_Upgrade3" parent="HBoxContainer/UpgradesPanel/MarginContainer/VSplitContainer/ScrollContainer/FlowContainer" instance=ExtResource("3_dgfjn")]
layout_mode = 2
icon = ExtResource("6_mbxmj")
item_num = 1
clicker_name = "Baker"
my_color = Color(0.558594, 0.734375, 0.558594, 1)
base_cost = 200.0
cost_level = 3

[node name="Farm_Upgrade3" parent="HBoxContainer/UpgradesPanel/MarginContainer/VSplitContainer/ScrollContainer/FlowContainer" instance=ExtResource("3_dgfjn")]
layout_mode = 2
icon = ExtResource("8_i5dr6")
item_num = 2
clicker_name = "Farm"
my_color = Color(0.558594, 0.734375, 0.558594, 1)
base_cost = 1000.0
cost_level = 3

[node name="Mine_Upgrade3" parent="HBoxContainer/UpgradesPanel/MarginContainer/VSplitContainer/ScrollContainer/FlowContainer" instance=ExtResource("3_dgfjn")]
layout_mode = 2
icon = ExtResource("9_vnbse")
item_num = 3
clicker_name = "Mine"
my_color = Color(0.558594, 0.734375, 0.558594, 1)
base_cost = 3000.0
cost_level = 3

[node name="Factory_Upgrade3" parent="HBoxContainer/UpgradesPanel/MarginContainer/VSplitContainer/ScrollContainer/FlowContainer" instance=ExtResource("3_dgfjn")]
layout_mode = 2
icon = ExtResource("10_lxypy")
item_num = 4
clicker_name = "Factory"
my_color = Color(0.558594, 0.734375, 0.558594, 1)
base_cost = 14000.0
cost_level = 3

[node name="Bank_Upgrade3" parent="HBoxContainer/UpgradesPanel/MarginContainer/VSplitContainer/ScrollContainer/FlowContainer" instance=ExtResource("3_dgfjn")]
layout_mode = 2
icon = ExtResource("11_wdm6b")
item_num = 5
clicker_name = "Bank"
my_color = Color(0.558594, 0.734375, 0.558594, 1)
base_cost = 140000.0
cost_level = 3

[node name="Shipment_Upgrade3" parent="HBoxContainer/UpgradesPanel/MarginContainer/VSplitContainer/ScrollContainer/FlowContainer" instance=ExtResource("3_dgfjn")]
layout_mode = 2
icon = ExtResource("12_60j62")
item_num = 6
clicker_name = "Shipment"
my_color = Color(0.558594, 0.734375, 0.558594, 1)
base_cost = 1e+06
cost_level = 3

[node name="Portal_Upgrade3" parent="HBoxContainer/UpgradesPanel/MarginContainer/VSplitContainer/ScrollContainer/FlowContainer" instance=ExtResource("3_dgfjn")]
layout_mode = 2
icon = ExtResource("13_4iyd8")
item_num = 7
clicker_name = "Portal"
my_color = Color(0.558594, 0.734375, 0.558594, 1)
base_cost = 2e+07
cost_level = 3

[node name="Donut_Man_Upgrade3" parent="HBoxContainer/UpgradesPanel/MarginContainer/VSplitContainer/ScrollContainer/FlowContainer" instance=ExtResource("3_dgfjn")]
layout_mode = 2
icon = ExtResource("14_d36ql")
item_num = 8
clicker_name = "Donut Man"
my_color = Color(0.558594, 0.734375, 0.558594, 1)
base_cost = 2e+09
cost_level = 3

[node name="Cursor_Upgrade4" parent="HBoxContainer/UpgradesPanel/MarginContainer/VSplitContainer/ScrollContainer/FlowContainer" instance=ExtResource("3_dgfjn")]
layout_mode = 2
icon = ExtResource("5_g6w0m")
item_num = -1
clicker_name = "Arrow"
my_color = Color(0.132813, 0.542969, 0.132813, 1)
cost_level = 4

[node name="Clicker_Upgrade4" parent="HBoxContainer/UpgradesPanel/MarginContainer/VSplitContainer/ScrollContainer/FlowContainer" instance=ExtResource("3_dgfjn")]
layout_mode = 2
icon = ExtResource("5_ko3jx")
clicker_name = "Clicker"
my_color = Color(0.132813, 0.542969, 0.132813, 1)
cost_level = 4

[node name="Baker_Upgrade4" parent="HBoxContainer/UpgradesPanel/MarginContainer/VSplitContainer/ScrollContainer/FlowContainer" instance=ExtResource("3_dgfjn")]
layout_mode = 2
icon = ExtResource("6_mbxmj")
item_num = 1
clicker_name = "Baker"
my_color = Color(0.132813, 0.542969, 0.132813, 1)
base_cost = 200.0
cost_level = 4

[node name="Farm_Upgrade4" parent="HBoxContainer/UpgradesPanel/MarginContainer/VSplitContainer/ScrollContainer/FlowContainer" instance=ExtResource("3_dgfjn")]
layout_mode = 2
icon = ExtResource("8_i5dr6")
item_num = 2
clicker_name = "Farm"
my_color = Color(0.132813, 0.542969, 0.132813, 1)
base_cost = 1000.0
cost_level = 4

[node name="Mine_Upgrade4" parent="HBoxContainer/UpgradesPanel/MarginContainer/VSplitContainer/ScrollContainer/FlowContainer" instance=ExtResource("3_dgfjn")]
layout_mode = 2
icon = ExtResource("9_vnbse")
item_num = 3
clicker_name = "Mine"
my_color = Color(0.132813, 0.542969, 0.132813, 1)
base_cost = 3000.0
cost_level = 4

[node name="Factory_Upgrade4" parent="HBoxContainer/UpgradesPanel/MarginContainer/VSplitContainer/ScrollContainer/FlowContainer" instance=ExtResource("3_dgfjn")]
layout_mode = 2
icon = ExtResource("10_lxypy")
item_num = 4
clicker_name = "Factory"
my_color = Color(0.132813, 0.542969, 0.132813, 1)
base_cost = 14000.0
cost_level = 4

[node name="Bank_Upgrade4" parent="HBoxContainer/UpgradesPanel/MarginContainer/VSplitContainer/ScrollContainer/FlowContainer" instance=ExtResource("3_dgfjn")]
layout_mode = 2
icon = ExtResource("11_wdm6b")
item_num = 5
clicker_name = "Bank"
my_color = Color(0.132813, 0.542969, 0.132813, 1)
base_cost = 140000.0
cost_level = 4

[node name="Shipment_Upgrade4" parent="HBoxContainer/UpgradesPanel/MarginContainer/VSplitContainer/ScrollContainer/FlowContainer" instance=ExtResource("3_dgfjn")]
layout_mode = 2
icon = ExtResource("12_60j62")
item_num = 6
clicker_name = "Shipment"
my_color = Color(0.132813, 0.542969, 0.132813, 1)
base_cost = 1e+06
cost_level = 4

[node name="Portal_Upgrade4" parent="HBoxContainer/UpgradesPanel/MarginContainer/VSplitContainer/ScrollContainer/FlowContainer" instance=ExtResource("3_dgfjn")]
layout_mode = 2
icon = ExtResource("13_4iyd8")
item_num = 7
clicker_name = "Portal"
my_color = Color(0.132813, 0.542969, 0.132813, 1)
base_cost = 2e+07
cost_level = 4

[node name="Donut_Man_Upgrade4" parent="HBoxContainer/UpgradesPanel/MarginContainer/VSplitContainer/ScrollContainer/FlowContainer" instance=ExtResource("3_dgfjn")]
layout_mode = 2
icon = ExtResource("14_d36ql")
item_num = 8
clicker_name = "Donut Man"
my_color = Color(0.132813, 0.542969, 0.132813, 1)
base_cost = 2e+09
cost_level = 4

[node name="Cursor_Upgrade5" parent="HBoxContainer/UpgradesPanel/MarginContainer/VSplitContainer/ScrollContainer/FlowContainer" instance=ExtResource("3_dgfjn")]
layout_mode = 2
icon = ExtResource("5_g6w0m")
item_num = -1
clicker_name = "Arrow"
my_color = Color(0.851563, 0.644531, 0.125, 1)
cost_level = 5

[node name="Clicker_Upgrade5" parent="HBoxContainer/UpgradesPanel/MarginContainer/VSplitContainer/ScrollContainer/FlowContainer" instance=ExtResource("3_dgfjn")]
layout_mode = 2
icon = ExtResource("5_ko3jx")
clicker_name = "Clicker"
my_color = Color(0.851563, 0.644531, 0.125, 1)
cost_level = 5

[node name="Baker_Upgrade5" parent="HBoxContainer/UpgradesPanel/MarginContainer/VSplitContainer/ScrollContainer/FlowContainer" instance=ExtResource("3_dgfjn")]
layout_mode = 2
icon = ExtResource("6_mbxmj")
item_num = 1
clicker_name = "Baker"
my_color = Color(0.851563, 0.644531, 0.125, 1)
base_cost = 200.0
cost_level = 5

[node name="Farm_Upgrade5" parent="HBoxContainer/UpgradesPanel/MarginContainer/VSplitContainer/ScrollContainer/FlowContainer" instance=ExtResource("3_dgfjn")]
layout_mode = 2
icon = ExtResource("8_i5dr6")
item_num = 2
clicker_name = "Farm"
my_color = Color(0.851563, 0.644531, 0.125, 1)
base_cost = 1000.0
cost_level = 5

[node name="Mine_Upgrade5" parent="HBoxContainer/UpgradesPanel/MarginContainer/VSplitContainer/ScrollContainer/FlowContainer" instance=ExtResource("3_dgfjn")]
layout_mode = 2
icon = ExtResource("9_vnbse")
item_num = 3
clicker_name = "Mine"
my_color = Color(0.851563, 0.644531, 0.125, 1)
base_cost = 3000.0
cost_level = 5

[node name="Factory_Upgrade5" parent="HBoxContainer/UpgradesPanel/MarginContainer/VSplitContainer/ScrollContainer/FlowContainer" instance=ExtResource("3_dgfjn")]
layout_mode = 2
icon = ExtResource("10_lxypy")
item_num = 4
clicker_name = "Factory"
my_color = Color(0.851563, 0.644531, 0.125, 1)
base_cost = 14000.0
cost_level = 5

[node name="Bank_Upgrade5" parent="HBoxContainer/UpgradesPanel/MarginContainer/VSplitContainer/ScrollContainer/FlowContainer" instance=ExtResource("3_dgfjn")]
layout_mode = 2
icon = ExtResource("11_wdm6b")
item_num = 5
clicker_name = "Bank"
my_color = Color(0.851563, 0.644531, 0.125, 1)
base_cost = 140000.0
cost_level = 5

[node name="Shipment_Upgrade5" parent="HBoxContainer/UpgradesPanel/MarginContainer/VSplitContainer/ScrollContainer/FlowContainer" instance=ExtResource("3_dgfjn")]
layout_mode = 2
icon = ExtResource("12_60j62")
item_num = 6
clicker_name = "Shipment"
my_color = Color(0.851563, 0.644531, 0.125, 1)
base_cost = 1e+06
cost_level = 5

[node name="Portal_Upgrade5" parent="HBoxContainer/UpgradesPanel/MarginContainer/VSplitContainer/ScrollContainer/FlowContainer" instance=ExtResource("3_dgfjn")]
layout_mode = 2
icon = ExtResource("13_4iyd8")
item_num = 7
clicker_name = "Portal"
my_color = Color(0.851563, 0.644531, 0.125, 1)
base_cost = 2e+07
cost_level = 5

[node name="Donut_Man_Upgrade5" parent="HBoxContainer/UpgradesPanel/MarginContainer/VSplitContainer/ScrollContainer/FlowContainer" instance=ExtResource("3_dgfjn")]
layout_mode = 2
icon = ExtResource("14_d36ql")
item_num = 8
clicker_name = "Donut Man"
my_color = Color(0.851563, 0.644531, 0.125, 1)
base_cost = 2e+09
cost_level = 5

[node name="Cursor_Upgrade6" parent="HBoxContainer/UpgradesPanel/MarginContainer/VSplitContainer/ScrollContainer/FlowContainer" instance=ExtResource("3_dgfjn")]
layout_mode = 2
icon = ExtResource("5_g6w0m")
item_num = -1
clicker_name = "Arrow"
my_color = Color(0.996094, 0.625, 0.476563, 1)
cost_level = 6

[node name="Clicker_Upgrade6" parent="HBoxContainer/UpgradesPanel/MarginContainer/VSplitContainer/ScrollContainer/FlowContainer" instance=ExtResource("3_dgfjn")]
layout_mode = 2
icon = ExtResource("5_ko3jx")
clicker_name = "Clicker"
my_color = Color(0.996094, 0.625, 0.476563, 1)
cost_level = 6

[node name="Baker_Upgrade6" parent="HBoxContainer/UpgradesPanel/MarginContainer/VSplitContainer/ScrollContainer/FlowContainer" instance=ExtResource("3_dgfjn")]
layout_mode = 2
icon = ExtResource("6_mbxmj")
item_num = 1
clicker_name = "Baker"
my_color = Color(0.996094, 0.625, 0.476563, 1)
base_cost = 200.0
cost_level = 6

[node name="Farm_Upgrade6" parent="HBoxContainer/UpgradesPanel/MarginContainer/VSplitContainer/ScrollContainer/FlowContainer" instance=ExtResource("3_dgfjn")]
layout_mode = 2
icon = ExtResource("8_i5dr6")
item_num = 2
clicker_name = "Farm"
my_color = Color(0.996094, 0.625, 0.476563, 1)
base_cost = 1000.0
cost_level = 6

[node name="Mine_Upgrade6" parent="HBoxContainer/UpgradesPanel/MarginContainer/VSplitContainer/ScrollContainer/FlowContainer" instance=ExtResource("3_dgfjn")]
layout_mode = 2
icon = ExtResource("9_vnbse")
item_num = 3
clicker_name = "Mine"
my_color = Color(0.996094, 0.625, 0.476563, 1)
base_cost = 3000.0
cost_level = 6

[node name="Factory_Upgrade6" parent="HBoxContainer/UpgradesPanel/MarginContainer/VSplitContainer/ScrollContainer/FlowContainer" instance=ExtResource("3_dgfjn")]
layout_mode = 2
icon = ExtResource("10_lxypy")
item_num = 4
clicker_name = "Factory"
my_color = Color(0.996094, 0.625, 0.476563, 1)
base_cost = 14000.0
cost_level = 6

[node name="Bank_Upgrade6" parent="HBoxContainer/UpgradesPanel/MarginContainer/VSplitContainer/ScrollContainer/FlowContainer" instance=ExtResource("3_dgfjn")]
layout_mode = 2
icon = ExtResource("11_wdm6b")
item_num = 5
clicker_name = "Bank"
my_color = Color(0.996094, 0.625, 0.476563, 1)
base_cost = 140000.0
cost_level = 6

[node name="Shipment_Upgrade6" parent="HBoxContainer/UpgradesPanel/MarginContainer/VSplitContainer/ScrollContainer/FlowContainer" instance=ExtResource("3_dgfjn")]
layout_mode = 2
icon = ExtResource("12_60j62")
item_num = 6
clicker_name = "Shipment"
my_color = Color(0.996094, 0.625, 0.476563, 1)
base_cost = 1e+06
cost_level = 6

[node name="Portal_Upgrade6" parent="HBoxContainer/UpgradesPanel/MarginContainer/VSplitContainer/ScrollContainer/FlowContainer" instance=ExtResource("3_dgfjn")]
layout_mode = 2
icon = ExtResource("13_4iyd8")
item_num = 7
clicker_name = "Portal"
my_color = Color(0.996094, 0.625, 0.476563, 1)
base_cost = 2e+07
cost_level = 6

[node name="Donut_Man_Upgrade6" parent="HBoxContainer/UpgradesPanel/MarginContainer/VSplitContainer/ScrollContainer/FlowContainer" instance=ExtResource("3_dgfjn")]
layout_mode = 2
icon = ExtResource("14_d36ql")
item_num = 8
clicker_name = "Donut Man"
my_color = Color(0.996094, 0.625, 0.476563, 1)
base_cost = 2e+09
cost_level = 6

[node name="Cursor_Upgrade7" parent="HBoxContainer/UpgradesPanel/MarginContainer/VSplitContainer/ScrollContainer/FlowContainer" instance=ExtResource("3_dgfjn")]
layout_mode = 2
icon = ExtResource("5_g6w0m")
item_num = -1
clicker_name = "Arrow"
my_color = Color(0.6875, 0.1875, 0.375, 1)
cost_level = 7

[node name="Clicker_Upgrade7" parent="HBoxContainer/UpgradesPanel/MarginContainer/VSplitContainer/ScrollContainer/FlowContainer" instance=ExtResource("3_dgfjn")]
layout_mode = 2
icon = ExtResource("5_ko3jx")
clicker_name = "Clicker"
my_color = Color(0.6875, 0.1875, 0.375, 1)
cost_level = 7

[node name="Baker_Upgrade7" parent="HBoxContainer/UpgradesPanel/MarginContainer/VSplitContainer/ScrollContainer/FlowContainer" instance=ExtResource("3_dgfjn")]
layout_mode = 2
icon = ExtResource("6_mbxmj")
item_num = 1
clicker_name = "Baker"
my_color = Color(0.6875, 0.1875, 0.375, 1)
base_cost = 200.0
cost_level = 7

[node name="Farm_Upgrade7" parent="HBoxContainer/UpgradesPanel/MarginContainer/VSplitContainer/ScrollContainer/FlowContainer" instance=ExtResource("3_dgfjn")]
layout_mode = 2
icon = ExtResource("8_i5dr6")
item_num = 2
clicker_name = "Farm"
my_color = Color(0.6875, 0.1875, 0.375, 1)
base_cost = 1000.0
cost_level = 7

[node name="Mine_Upgrade7" parent="HBoxContainer/UpgradesPanel/MarginContainer/VSplitContainer/ScrollContainer/FlowContainer" instance=ExtResource("3_dgfjn")]
layout_mode = 2
icon = ExtResource("9_vnbse")
item_num = 3
clicker_name = "Mine"
my_color = Color(0.6875, 0.1875, 0.375, 1)
base_cost = 3000.0
cost_level = 7

[node name="Factory_Upgrade7" parent="HBoxContainer/UpgradesPanel/MarginContainer/VSplitContainer/ScrollContainer/FlowContainer" instance=ExtResource("3_dgfjn")]
layout_mode = 2
icon = ExtResource("10_lxypy")
item_num = 4
clicker_name = "Factory"
my_color = Color(0.6875, 0.1875, 0.375, 1)
base_cost = 14000.0
cost_level = 7

[node name="Bank_Upgrade7" parent="HBoxContainer/UpgradesPanel/MarginContainer/VSplitContainer/ScrollContainer/FlowContainer" instance=ExtResource("3_dgfjn")]
layout_mode = 2
icon = ExtResource("11_wdm6b")
item_num = 5
clicker_name = "Bank"
my_color = Color(0.6875, 0.1875, 0.375, 1)
base_cost = 140000.0
cost_level = 7

[node name="Shipment_Upgrade7" parent="HBoxContainer/UpgradesPanel/MarginContainer/VSplitContainer/ScrollContainer/FlowContainer" instance=ExtResource("3_dgfjn")]
layout_mode = 2
icon = ExtResource("12_60j62")
item_num = 6
clicker_name = "Shipment"
my_color = Color(0.6875, 0.1875, 0.375, 1)
base_cost = 1e+06
cost_level = 7

[node name="Portal_Upgrade7" parent="HBoxContainer/UpgradesPanel/MarginContainer/VSplitContainer/ScrollContainer/FlowContainer" instance=ExtResource("3_dgfjn")]
layout_mode = 2
icon = ExtResource("13_4iyd8")
item_num = 7
clicker_name = "Portal"
my_color = Color(0.6875, 0.1875, 0.375, 1)
base_cost = 2e+07
cost_level = 7

[node name="Donut_Man_Upgrade7" parent="HBoxContainer/UpgradesPanel/MarginContainer/VSplitContainer/ScrollContainer/FlowContainer" instance=ExtResource("3_dgfjn")]
layout_mode = 2
icon = ExtResource("14_d36ql")
item_num = 8
clicker_name = "Donut Man"
my_color = Color(0.6875, 0.1875, 0.375, 1)
base_cost = 2e+09
cost_level = 7

[node name="Cursor_Upgrade8" parent="HBoxContainer/UpgradesPanel/MarginContainer/VSplitContainer/ScrollContainer/FlowContainer" instance=ExtResource("3_dgfjn")]
layout_mode = 2
icon = ExtResource("5_g6w0m")
item_num = -1
clicker_name = "Arrow"
my_color = Color(0.726563, 0.332031, 0.824219, 1)
cost_level = 8

[node name="Clicker_Upgrade8" parent="HBoxContainer/UpgradesPanel/MarginContainer/VSplitContainer/ScrollContainer/FlowContainer" instance=ExtResource("3_dgfjn")]
layout_mode = 2
icon = ExtResource("5_ko3jx")
clicker_name = "Clicker"
my_color = Color(0.726563, 0.332031, 0.824219, 1)
cost_level = 8

[node name="Baker_Upgrade8" parent="HBoxContainer/UpgradesPanel/MarginContainer/VSplitContainer/ScrollContainer/FlowContainer" instance=ExtResource("3_dgfjn")]
layout_mode = 2
icon = ExtResource("6_mbxmj")
item_num = 1
clicker_name = "Baker"
my_color = Color(0.726563, 0.332031, 0.824219, 1)
base_cost = 200.0
cost_level = 8

[node name="Farm_Upgrade8" parent="HBoxContainer/UpgradesPanel/MarginContainer/VSplitContainer/ScrollContainer/FlowContainer" instance=ExtResource("3_dgfjn")]
layout_mode = 2
icon = ExtResource("8_i5dr6")
item_num = 2
clicker_name = "Farm"
my_color = Color(0.726563, 0.332031, 0.824219, 1)
base_cost = 1000.0
cost_level = 8

[node name="Mine_Upgrade8" parent="HBoxContainer/UpgradesPanel/MarginContainer/VSplitContainer/ScrollContainer/FlowContainer" instance=ExtResource("3_dgfjn")]
layout_mode = 2
icon = ExtResource("9_vnbse")
item_num = 3
clicker_name = "Mine"
my_color = Color(0.726563, 0.332031, 0.824219, 1)
base_cost = 3000.0
cost_level = 8

[node name="Factory_Upgrade8" parent="HBoxContainer/UpgradesPanel/MarginContainer/VSplitContainer/ScrollContainer/FlowContainer" instance=ExtResource("3_dgfjn")]
layout_mode = 2
icon = ExtResource("10_lxypy")
item_num = 4
clicker_name = "Factory"
my_color = Color(0.726563, 0.332031, 0.824219, 1)
base_cost = 14000.0
cost_level = 8

[node name="Bank_Upgrade8" parent="HBoxContainer/UpgradesPanel/MarginContainer/VSplitContainer/ScrollContainer/FlowContainer" instance=ExtResource("3_dgfjn")]
layout_mode = 2
icon = ExtResource("11_wdm6b")
item_num = 5
clicker_name = "Bank"
my_color = Color(0.726563, 0.332031, 0.824219, 1)
base_cost = 140000.0
cost_level = 8

[node name="Shipment_Upgrade8" parent="HBoxContainer/UpgradesPanel/MarginContainer/VSplitContainer/ScrollContainer/FlowContainer" instance=ExtResource("3_dgfjn")]
layout_mode = 2
icon = ExtResource("12_60j62")
item_num = 6
clicker_name = "Shipment"
my_color = Color(0.726563, 0.332031, 0.824219, 1)
base_cost = 1e+06
cost_level = 8

[node name="Portal_Upgrade8" parent="HBoxContainer/UpgradesPanel/MarginContainer/VSplitContainer/ScrollContainer/FlowContainer" instance=ExtResource("3_dgfjn")]
layout_mode = 2
icon = ExtResource("13_4iyd8")
item_num = 7
clicker_name = "Portal"
my_color = Color(0.726563, 0.332031, 0.824219, 1)
base_cost = 2e+07
cost_level = 8

[node name="Donut_Man_Upgrade8" parent="HBoxContainer/UpgradesPanel/MarginContainer/VSplitContainer/ScrollContainer/FlowContainer" instance=ExtResource("3_dgfjn")]
layout_mode = 2
icon = ExtResource("14_d36ql")
item_num = 8
clicker_name = "Donut Man"
my_color = Color(0.726563, 0.332031, 0.824219, 1)
base_cost = 2e+09
cost_level = 8

[node name="Cursor_Upgrade9" parent="HBoxContainer/UpgradesPanel/MarginContainer/VSplitContainer/ScrollContainer/FlowContainer" instance=ExtResource("3_dgfjn")]
layout_mode = 2
icon = ExtResource("5_g6w0m")
item_num = -1
clicker_name = "Arrow"
my_color = Color(0.542969, 0.269531, 0.0742188, 1)
cost_level = 9

[node name="Clicker_Upgrade9" parent="HBoxContainer/UpgradesPanel/MarginContainer/VSplitContainer/ScrollContainer/FlowContainer" instance=ExtResource("3_dgfjn")]
layout_mode = 2
icon = ExtResource("5_ko3jx")
clicker_name = "Clicker"
my_color = Color(0.542969, 0.269531, 0.0742188, 1)
cost_level = 9

[node name="Baker_Upgrade9" parent="HBoxContainer/UpgradesPanel/MarginContainer/VSplitContainer/ScrollContainer/FlowContainer" instance=ExtResource("3_dgfjn")]
layout_mode = 2
icon = ExtResource("6_mbxmj")
item_num = 1
clicker_name = "Baker"
my_color = Color(0.542969, 0.269531, 0.0742188, 1)
base_cost = 200.0
cost_level = 9

[node name="Farm_Upgrade9" parent="HBoxContainer/UpgradesPanel/MarginContainer/VSplitContainer/ScrollContainer/FlowContainer" instance=ExtResource("3_dgfjn")]
layout_mode = 2
icon = ExtResource("8_i5dr6")
item_num = 2
clicker_name = "Farm"
my_color = Color(0.542969, 0.269531, 0.0742188, 1)
base_cost = 1000.0
cost_level = 9

[node name="Mine_Upgrade9" parent="HBoxContainer/UpgradesPanel/MarginContainer/VSplitContainer/ScrollContainer/FlowContainer" instance=ExtResource("3_dgfjn")]
layout_mode = 2
icon = ExtResource("9_vnbse")
item_num = 3
clicker_name = "Mine"
my_color = Color(0.542969, 0.269531, 0.0742188, 1)
base_cost = 3000.0
cost_level = 9

[node name="Factory_Upgrade9" parent="HBoxContainer/UpgradesPanel/MarginContainer/VSplitContainer/ScrollContainer/FlowContainer" instance=ExtResource("3_dgfjn")]
layout_mode = 2
icon = ExtResource("10_lxypy")
item_num = 4
clicker_name = "Factory"
my_color = Color(0.542969, 0.269531, 0.0742188, 1)
base_cost = 14000.0
cost_level = 9

[node name="Bank_Upgrade9" parent="HBoxContainer/UpgradesPanel/MarginContainer/VSplitContainer/ScrollContainer/FlowContainer" instance=ExtResource("3_dgfjn")]
layout_mode = 2
icon = ExtResource("11_wdm6b")
item_num = 5
clicker_name = "Bank"
my_color = Color(0.542969, 0.269531, 0.0742188, 1)
base_cost = 140000.0
cost_level = 9

[node name="Shipment_Upgrade9" parent="HBoxContainer/UpgradesPanel/MarginContainer/VSplitContainer/ScrollContainer/FlowContainer" instance=ExtResource("3_dgfjn")]
layout_mode = 2
icon = ExtResource("12_60j62")
item_num = 6
clicker_name = "Shipment"
my_color = Color(0.542969, 0.269531, 0.0742188, 1)
base_cost = 1e+06
cost_level = 9

[node name="Portal_Upgrade9" parent="HBoxContainer/UpgradesPanel/MarginContainer/VSplitContainer/ScrollContainer/FlowContainer" instance=ExtResource("3_dgfjn")]
layout_mode = 2
icon = ExtResource("13_4iyd8")
item_num = 7
clicker_name = "Portal"
my_color = Color(0.542969, 0.269531, 0.0742188, 1)
base_cost = 2e+07
cost_level = 9

[node name="Donut_Man_Upgrade9" parent="HBoxContainer/UpgradesPanel/MarginContainer/VSplitContainer/ScrollContainer/FlowContainer" instance=ExtResource("3_dgfjn")]
layout_mode = 2
icon = ExtResource("14_d36ql")
item_num = 8
clicker_name = "Donut Man"
my_color = Color(0.542969, 0.269531, 0.0742188, 1)
base_cost = 2e+09
cost_level = 9

[node name="Cursor_Upgrade10" parent="HBoxContainer/UpgradesPanel/MarginContainer/VSplitContainer/ScrollContainer/FlowContainer" instance=ExtResource("3_dgfjn")]
layout_mode = 2
icon = ExtResource("5_g6w0m")
item_num = -1
clicker_name = "Arrow"
my_color = Color(0, 0, 0.180392, 1)
cost_level = 10

[node name="Clicker_Upgrade10" parent="HBoxContainer/UpgradesPanel/MarginContainer/VSplitContainer/ScrollContainer/FlowContainer" instance=ExtResource("3_dgfjn")]
layout_mode = 2
icon = ExtResource("5_ko3jx")
clicker_name = "Clicker"
my_color = Color(0, 0, 0.180392, 1)
cost_level = 10

[node name="Baker_Upgrade10" parent="HBoxContainer/UpgradesPanel/MarginContainer/VSplitContainer/ScrollContainer/FlowContainer" instance=ExtResource("3_dgfjn")]
layout_mode = 2
icon = ExtResource("6_mbxmj")
item_num = 1
clicker_name = "Baker"
my_color = Color(0, 0, 0.180392, 1)
base_cost = 200.0
cost_level = 10

[node name="Farm_Upgrade10" parent="HBoxContainer/UpgradesPanel/MarginContainer/VSplitContainer/ScrollContainer/FlowContainer" instance=ExtResource("3_dgfjn")]
layout_mode = 2
icon = ExtResource("8_i5dr6")
item_num = 2
clicker_name = "Farm"
my_color = Color(0, 0, 0.180392, 1)
base_cost = 1000.0
cost_level = 10

[node name="Mine_Upgrade10" parent="HBoxContainer/UpgradesPanel/MarginContainer/VSplitContainer/ScrollContainer/FlowContainer" instance=ExtResource("3_dgfjn")]
layout_mode = 2
icon = ExtResource("9_vnbse")
item_num = 3
clicker_name = "Mine"
my_color = Color(0, 0, 0.180392, 1)
base_cost = 3000.0
cost_level = 10

[node name="Factory_Upgrade10" parent="HBoxContainer/UpgradesPanel/MarginContainer/VSplitContainer/ScrollContainer/FlowContainer" instance=ExtResource("3_dgfjn")]
layout_mode = 2
icon = ExtResource("10_lxypy")
item_num = 4
clicker_name = "Factory"
my_color = Color(0, 0, 0.180392, 1)
base_cost = 14000.0
cost_level = 10

[node name="Bank_Upgrade10" parent="HBoxContainer/UpgradesPanel/MarginContainer/VSplitContainer/ScrollContainer/FlowContainer" instance=ExtResource("3_dgfjn")]
layout_mode = 2
icon = ExtResource("11_wdm6b")
item_num = 5
clicker_name = "Bank"
my_color = Color(0, 0, 0.180392, 1)
base_cost = 140000.0
cost_level = 10

[node name="Shipment_Upgrade10" parent="HBoxContainer/UpgradesPanel/MarginContainer/VSplitContainer/ScrollContainer/FlowContainer" instance=ExtResource("3_dgfjn")]
layout_mode = 2
icon = ExtResource("12_60j62")
item_num = 6
clicker_name = "Shipment"
my_color = Color(0, 0, 0.180392, 1)
base_cost = 1e+06
cost_level = 10

[node name="Portal_Upgrade10" parent="HBoxContainer/UpgradesPanel/MarginContainer/VSplitContainer/ScrollContainer/FlowContainer" instance=ExtResource("3_dgfjn")]
layout_mode = 2
icon = ExtResource("13_4iyd8")
item_num = 7
clicker_name = "Portal"
my_color = Color(0, 0, 0.180392, 1)
base_cost = 2e+07
cost_level = 10

[node name="Donut_Man_Upgrade10" parent="HBoxContainer/UpgradesPanel/MarginContainer/VSplitContainer/ScrollContainer/FlowContainer" instance=ExtResource("3_dgfjn")]
layout_mode = 2
icon = ExtResource("14_d36ql")
item_num = 8
clicker_name = "Donut Man"
my_color = Color(0, 0, 0.180392, 1)
base_cost = 2e+09
cost_level = 10

[node name="ScrollContainer2" type="ScrollContainer" parent="HBoxContainer/UpgradesPanel/MarginContainer/VSplitContainer"]
layout_mode = 2
theme = ExtResource("1_g3vyy")

[node name="VBoxContainer" type="VBoxContainer" parent="HBoxContainer/UpgradesPanel/MarginContainer/VSplitContainer/ScrollContainer2"]
layout_mode = 2
size_flags_horizontal = 3
theme = ExtResource("1_g3vyy")

[node name="Clicker" parent="HBoxContainer/UpgradesPanel/MarginContainer/VSplitContainer/ScrollContainer2/VBoxContainer" instance=ExtResource("4_bwuom")]
layout_mode = 2
icon = ExtResource("6_4wxga")

[node name="HSeparator" type="HSeparator" parent="HBoxContainer/UpgradesPanel/MarginContainer/VSplitContainer/ScrollContainer2/VBoxContainer"]
layout_mode = 2
theme = ExtResource("1_g3vyy")

[node name="Baker" parent="HBoxContainer/UpgradesPanel/MarginContainer/VSplitContainer/ScrollContainer2/VBoxContainer" instance=ExtResource("4_bwuom")]
layout_mode = 2
icon = ExtResource("7_vb3r2")
wait_time = 3.0
base_value = 7
cost = 100

[node name="HSeparator2" type="HSeparator" parent="HBoxContainer/UpgradesPanel/MarginContainer/VSplitContainer/ScrollContainer2/VBoxContainer"]
layout_mode = 2
theme = ExtResource("1_g3vyy")

[node name="Farm" parent="HBoxContainer/UpgradesPanel/MarginContainer/VSplitContainer/ScrollContainer2/VBoxContainer" instance=ExtResource("4_bwuom")]
layout_mode = 2
icon = ExtResource("8_4o2xg")
wait_time = 10.0
base_value = 95
cost = 500

[node name="HSeparator3" type="HSeparator" parent="HBoxContainer/UpgradesPanel/MarginContainer/VSplitContainer/ScrollContainer2/VBoxContainer"]
layout_mode = 2
theme = ExtResource("1_g3vyy")

[node name="Mine" parent="HBoxContainer/UpgradesPanel/MarginContainer/VSplitContainer/ScrollContainer2/VBoxContainer" instance=ExtResource("4_bwuom")]
layout_mode = 2
icon = ExtResource("9_gcp5n")
wait_time = 2.0
base_value = 50
cost = 1500

[node name="HSeparator4" type="HSeparator" parent="HBoxContainer/UpgradesPanel/MarginContainer/VSplitContainer/ScrollContainer2/VBoxContainer"]
layout_mode = 2
theme = ExtResource("1_g3vyy")

[node name="Factory" parent="HBoxContainer/UpgradesPanel/MarginContainer/VSplitContainer/ScrollContainer2/VBoxContainer" instance=ExtResource("4_bwuom")]
layout_mode = 2
icon = ExtResource("10_xpc5x")
wait_time = 1.0
base_value = 600
cost = 7000

[node name="HSeparator5" type="HSeparator" parent="HBoxContainer/UpgradesPanel/MarginContainer/VSplitContainer/ScrollContainer2/VBoxContainer"]
layout_mode = 2
theme = ExtResource("1_g3vyy")

[node name="Bank" parent="HBoxContainer/UpgradesPanel/MarginContainer/VSplitContainer/ScrollContainer2/VBoxContainer" instance=ExtResource("4_bwuom")]
layout_mode = 2
icon = ExtResource("11_bcojx")
base_value = 25000
cost = 69000

[node name="HSeparator6" type="HSeparator" parent="HBoxContainer/UpgradesPanel/MarginContainer/VSplitContainer/ScrollContainer2/VBoxContainer"]
layout_mode = 2
theme = ExtResource("1_g3vyy")

[node name="Shipment" parent="HBoxContainer/UpgradesPanel/MarginContainer/VSplitContainer/ScrollContainer2/VBoxContainer" instance=ExtResource("4_bwuom")]
layout_mode = 2
icon = ExtResource("12_kgup2")
wait_time = 30.0
base_value = 1300000
cost = 420000

[node name="HSeparator7" type="HSeparator" parent="HBoxContainer/UpgradesPanel/MarginContainer/VSplitContainer/ScrollContainer2/VBoxContainer"]
layout_mode = 2
theme = ExtResource("1_g3vyy")

[node name="Portal" parent="HBoxContainer/UpgradesPanel/MarginContainer/VSplitContainer/ScrollContainer2/VBoxContainer" instance=ExtResource("4_bwuom")]
layout_mode = 2
icon = ExtResource("13_jdgma")
wait_time = 3.0
base_value = 1999998
cost = 9999999

[node name="HSeparator8" type="HSeparator" parent="HBoxContainer/UpgradesPanel/MarginContainer/VSplitContainer/ScrollContainer2/VBoxContainer"]
layout_mode = 2
theme = ExtResource("1_g3vyy")

[node name="Donut Man" parent="HBoxContainer/UpgradesPanel/MarginContainer/VSplitContainer/ScrollContainer2/VBoxContainer" instance=ExtResource("4_bwuom")]
layout_mode = 2
icon = ExtResource("14_rpqnt")
wait_time = 0.1
base_value = 100000
cost = 1000000000

[connection signal="text_changed" from="HBoxContainer/MenuPanel/MarginContainer/TabContainer/Diary/TextEdit" to="." method="_on_text_edit_text_changed"]
[connection signal="value_changed" from="HBoxContainer/MenuPanel/MarginContainer/TabContainer/Cheats/SpinBox" to="." method="_on_spin_box_value_changed"]
[connection signal="drag_ended" from="HBoxContainer/MenuPanel/MarginContainer/TabContainer/Cheats/HSlider" to="." method="_on_h_slider_drag_ended"]
[connection signal="value_changed" from="HBoxContainer/MenuPanel/MarginContainer/TabContainer/Cheats/HSlider" to="." method="_on_h_slider_value_changed"]
[connection signal="color_changed" from="HBoxContainer/MenuPanel/MarginContainer/TabContainer/Settings/VBox/HBoxContainer/IcingColor" to="." method="_on_icing_color_color_changed"]
[connection signal="color_changed" from="HBoxContainer/MenuPanel/MarginContainer/TabContainer/Settings/VBox/HBoxContainer2/BackgroundColor" to="." method="_on_background_color_color_changed"]
[connection signal="item_selected" from="HBoxContainer/MenuPanel/MarginContainer/TabContainer/Settings/VBox/BackgroundMove" to="." method="_on_background_move_item_selected"]
[connection signal="value_changed" from="HBoxContainer/MenuPanel/MarginContainer/TabContainer/Settings/VBox/BackgroundSpeed" to="." method="_on_background_speed_value_changed"]
[connection signal="toggled" from="HBoxContainer/MenuPanel/MarginContainer/TabContainer/Settings/VBox/Pop" to="." method="_on_pop_toggled"]
[connection signal="toggled" from="HBoxContainer/MenuPanel/MarginContainer/TabContainer/Settings/VBox/Spinning" to="." method="_on_spinning_toggled"]
[connection signal="toggled" from="HBoxContainer/MenuPanel/MarginContainer/TabContainer/Settings/VBox/Rocking" to="." method="_on_rocking_toggled"]
[connection signal="toggled" from="HBoxContainer/MenuPanel/MarginContainer/TabContainer/Settings/VBox/Flipping" to="." method="_on_flipping_toggled"]
[connection signal="toggled" from="HBoxContainer/MenuPanel/MarginContainer/TabContainer/Settings/VBox/MoreFlipping" to="." method="_on_more_flipping_toggled"]
[connection signal="item_selected" from="HBoxContainer/MenuPanel/MarginContainer/TabContainer/Settings/VBox/ViewportTab" to="." method="_on_viewport_tab_item_selected"]
[connection signal="toggled" from="HBoxContainer/MenuPanel/MarginContainer/TabContainer/Settings/VBox/Squiggles" to="." method="_on_squiggles_toggled"]
[connection signal="value_changed" from="HBoxContainer/MenuPanel/MarginContainer/TabContainer/Settings/VBox/SquiggleSpeed" to="." method="_on_squiggle_speed_value_changed"]
[connection signal="toggled" from="HBoxContainer/MenuPanel/MarginContainer/TabContainer/Settings/VBox/HorribleRotations" to="." method="_on_horrible_rotations_toggled"]
[connection signal="value_changed" from="HBoxContainer/MenuPanel/MarginContainer/TabContainer/Settings/VBox/InvertTime" to="." method="_on_invert_time_value_changed"]
[connection signal="pressed" from="HBoxContainer/CenterPanel/VBoxContainer/Container/Button" to="." method="_on_button_pressed"]
[connection signal="upgrade_pressed" from="HBoxContainer/UpgradesPanel/MarginContainer/VSplitContainer/ScrollContainer/FlowContainer/Cursor_Upgrade" to="." method="_on_upgrade_pressed"]
[connection signal="upgrade_pressed" from="HBoxContainer/UpgradesPanel/MarginContainer/VSplitContainer/ScrollContainer/FlowContainer/Clicker_Upgrade" to="." method="_on_upgrade_pressed"]
[connection signal="upgrade_pressed" from="HBoxContainer/UpgradesPanel/MarginContainer/VSplitContainer/ScrollContainer/FlowContainer/Baker_Upgrade" to="." method="_on_upgrade_pressed"]
[connection signal="upgrade_pressed" from="HBoxContainer/UpgradesPanel/MarginContainer/VSplitContainer/ScrollContainer/FlowContainer/Farm_Upgrade" to="." method="_on_upgrade_pressed"]
[connection signal="upgrade_pressed" from="HBoxContainer/UpgradesPanel/MarginContainer/VSplitContainer/ScrollContainer/FlowContainer/Mine_Upgrade" to="." method="_on_upgrade_pressed"]
[connection signal="upgrade_pressed" from="HBoxContainer/UpgradesPanel/MarginContainer/VSplitContainer/ScrollContainer/FlowContainer/Factory_Upgrade" to="." method="_on_upgrade_pressed"]
[connection signal="upgrade_pressed" from="HBoxContainer/UpgradesPanel/MarginContainer/VSplitContainer/ScrollContainer/FlowContainer/Bank_Upgrade" to="." method="_on_upgrade_pressed"]
[connection signal="upgrade_pressed" from="HBoxContainer/UpgradesPanel/MarginContainer/VSplitContainer/ScrollContainer/FlowContainer/Shipment_Upgrade" to="." method="_on_upgrade_pressed"]
[connection signal="upgrade_pressed" from="HBoxContainer/UpgradesPanel/MarginContainer/VSplitContainer/ScrollContainer/FlowContainer/Portal_Upgrade" to="." method="_on_upgrade_pressed"]
[connection signal="upgrade_pressed" from="HBoxContainer/UpgradesPanel/MarginContainer/VSplitContainer/ScrollContainer/FlowContainer/Donut_Man_Upgrade" to="." method="_on_upgrade_pressed"]
[connection signal="upgrade_pressed" from="HBoxContainer/UpgradesPanel/MarginContainer/VSplitContainer/ScrollContainer/FlowContainer/Cursor_Upgrade2" to="." method="_on_upgrade_pressed"]
[connection signal="upgrade_pressed" from="HBoxContainer/UpgradesPanel/MarginContainer/VSplitContainer/ScrollContainer/FlowContainer/Clicker_Upgrade2" to="." method="_on_upgrade_pressed"]
[connection signal="upgrade_pressed" from="HBoxContainer/UpgradesPanel/MarginContainer/VSplitContainer/ScrollContainer/FlowContainer/Baker_Upgrade2" to="." method="_on_upgrade_pressed"]
[connection signal="upgrade_pressed" from="HBoxContainer/UpgradesPanel/MarginContainer/VSplitContainer/ScrollContainer/FlowContainer/Farm_Upgrade2" to="." method="_on_upgrade_pressed"]
[connection signal="upgrade_pressed" from="HBoxContainer/UpgradesPanel/MarginContainer/VSplitContainer/ScrollContainer/FlowContainer/Mine_Upgrade2" to="." method="_on_upgrade_pressed"]
[connection signal="upgrade_pressed" from="HBoxContainer/UpgradesPanel/MarginContainer/VSplitContainer/ScrollContainer/FlowContainer/Factory_Upgrade2" to="." method="_on_upgrade_pressed"]
[connection signal="upgrade_pressed" from="HBoxContainer/UpgradesPanel/MarginContainer/VSplitContainer/ScrollContainer/FlowContainer/Bank_Upgrade2" to="." method="_on_upgrade_pressed"]
[connection signal="upgrade_pressed" from="HBoxContainer/UpgradesPanel/MarginContainer/VSplitContainer/ScrollContainer/FlowContainer/Shipment_Upgrade2" to="." method="_on_upgrade_pressed"]
[connection signal="upgrade_pressed" from="HBoxContainer/UpgradesPanel/MarginContainer/VSplitContainer/ScrollContainer/FlowContainer/Portal_Upgrade2" to="." method="_on_upgrade_pressed"]
[connection signal="upgrade_pressed" from="HBoxContainer/UpgradesPanel/MarginContainer/VSplitContainer/ScrollContainer/FlowContainer/Donut_Man_Upgrade2" to="." method="_on_upgrade_pressed"]
[connection signal="upgrade_pressed" from="HBoxContainer/UpgradesPanel/MarginContainer/VSplitContainer/ScrollContainer/FlowContainer/Cursor_Upgrade3" to="." method="_on_upgrade_pressed"]
[connection signal="upgrade_pressed" from="HBoxContainer/UpgradesPanel/MarginContainer/VSplitContainer/ScrollContainer/FlowContainer/Clicker_Upgrade3" to="." method="_on_upgrade_pressed"]
[connection signal="upgrade_pressed" from="HBoxContainer/UpgradesPanel/MarginContainer/VSplitContainer/ScrollContainer/FlowContainer/Baker_Upgrade3" to="." method="_on_upgrade_pressed"]
[connection signal="upgrade_pressed" from="HBoxContainer/UpgradesPanel/MarginContainer/VSplitContainer/ScrollContainer/FlowContainer/Farm_Upgrade3" to="." method="_on_upgrade_pressed"]
[connection signal="upgrade_pressed" from="HBoxContainer/UpgradesPanel/MarginContainer/VSplitContainer/ScrollContainer/FlowContainer/Mine_Upgrade3" to="." method="_on_upgrade_pressed"]
[connection signal="upgrade_pressed" from="HBoxContainer/UpgradesPanel/MarginContainer/VSplitContainer/ScrollContainer/FlowContainer/Factory_Upgrade3" to="." method="_on_upgrade_pressed"]
[connection signal="upgrade_pressed" from="HBoxContainer/UpgradesPanel/MarginContainer/VSplitContainer/ScrollContainer/FlowContainer/Bank_Upgrade3" to="." method="_on_upgrade_pressed"]
[connection signal="upgrade_pressed" from="HBoxContainer/UpgradesPanel/MarginContainer/VSplitContainer/ScrollContainer/FlowContainer/Shipment_Upgrade3" to="." method="_on_upgrade_pressed"]
[connection signal="upgrade_pressed" from="HBoxContainer/UpgradesPanel/MarginContainer/VSplitContainer/ScrollContainer/FlowContainer/Portal_Upgrade3" to="." method="_on_upgrade_pressed"]
[connection signal="upgrade_pressed" from="HBoxContainer/UpgradesPanel/MarginContainer/VSplitContainer/ScrollContainer/FlowContainer/Donut_Man_Upgrade3" to="." method="_on_upgrade_pressed"]
[connection signal="upgrade_pressed" from="HBoxContainer/UpgradesPanel/MarginContainer/VSplitContainer/ScrollContainer/FlowContainer/Cursor_Upgrade4" to="." method="_on_upgrade_pressed"]
[connection signal="upgrade_pressed" from="HBoxContainer/UpgradesPanel/MarginContainer/VSplitContainer/ScrollContainer/FlowContainer/Clicker_Upgrade4" to="." method="_on_upgrade_pressed"]
[connection signal="upgrade_pressed" from="HBoxContainer/UpgradesPanel/MarginContainer/VSplitContainer/ScrollContainer/FlowContainer/Baker_Upgrade4" to="." method="_on_upgrade_pressed"]
[connection signal="upgrade_pressed" from="HBoxContainer/UpgradesPanel/MarginContainer/VSplitContainer/ScrollContainer/FlowContainer/Farm_Upgrade4" to="." method="_on_upgrade_pressed"]
[connection signal="upgrade_pressed" from="HBoxContainer/UpgradesPanel/MarginContainer/VSplitContainer/ScrollContainer/FlowContainer/Mine_Upgrade4" to="." method="_on_upgrade_pressed"]
[connection signal="upgrade_pressed" from="HBoxContainer/UpgradesPanel/MarginContainer/VSplitContainer/ScrollContainer/FlowContainer/Factory_Upgrade4" to="." method="_on_upgrade_pressed"]
[connection signal="upgrade_pressed" from="HBoxContainer/UpgradesPanel/MarginContainer/VSplitContainer/ScrollContainer/FlowContainer/Bank_Upgrade4" to="." method="_on_upgrade_pressed"]
[connection signal="upgrade_pressed" from="HBoxContainer/UpgradesPanel/MarginContainer/VSplitContainer/ScrollContainer/FlowContainer/Shipment_Upgrade4" to="." method="_on_upgrade_pressed"]
[connection signal="upgrade_pressed" from="HBoxContainer/UpgradesPanel/MarginContainer/VSplitContainer/ScrollContainer/FlowContainer/Portal_Upgrade4" to="." method="_on_upgrade_pressed"]
[connection signal="upgrade_pressed" from="HBoxContainer/UpgradesPanel/MarginContainer/VSplitContainer/ScrollContainer/FlowContainer/Donut_Man_Upgrade4" to="." method="_on_upgrade_pressed"]
[connection signal="upgrade_pressed" from="HBoxContainer/UpgradesPanel/MarginContainer/VSplitContainer/ScrollContainer/FlowContainer/Cursor_Upgrade5" to="." method="_on_upgrade_pressed"]
[connection signal="upgrade_pressed" from="HBoxContainer/UpgradesPanel/MarginContainer/VSplitContainer/ScrollContainer/FlowContainer/Clicker_Upgrade5" to="." method="_on_upgrade_pressed"]
[connection signal="upgrade_pressed" from="HBoxContainer/UpgradesPanel/MarginContainer/VSplitContainer/ScrollContainer/FlowContainer/Baker_Upgrade5" to="." method="_on_upgrade_pressed"]
[connection signal="upgrade_pressed" from="HBoxContainer/UpgradesPanel/MarginContainer/VSplitContainer/ScrollContainer/FlowContainer/Farm_Upgrade5" to="." method="_on_upgrade_pressed"]
[connection signal="upgrade_pressed" from="HBoxContainer/UpgradesPanel/MarginContainer/VSplitContainer/ScrollContainer/FlowContainer/Mine_Upgrade5" to="." method="_on_upgrade_pressed"]
[connection signal="upgrade_pressed" from="HBoxContainer/UpgradesPanel/MarginContainer/VSplitContainer/ScrollContainer/FlowContainer/Factory_Upgrade5" to="." method="_on_upgrade_pressed"]
[connection signal="upgrade_pressed" from="HBoxContainer/UpgradesPanel/MarginContainer/VSplitContainer/ScrollContainer/FlowContainer/Bank_Upgrade5" to="." method="_on_upgrade_pressed"]
[connection signal="upgrade_pressed" from="HBoxContainer/UpgradesPanel/MarginContainer/VSplitContainer/ScrollContainer/FlowContainer/Shipment_Upgrade5" to="." method="_on_upgrade_pressed"]
[connection signal="upgrade_pressed" from="HBoxContainer/UpgradesPanel/MarginContainer/VSplitContainer/ScrollContainer/FlowContainer/Portal_Upgrade5" to="." method="_on_upgrade_pressed"]
[connection signal="upgrade_pressed" from="HBoxContainer/UpgradesPanel/MarginContainer/VSplitContainer/ScrollContainer/FlowContainer/Donut_Man_Upgrade5" to="." method="_on_upgrade_pressed"]
[connection signal="upgrade_pressed" from="HBoxContainer/UpgradesPanel/MarginContainer/VSplitContainer/ScrollContainer/FlowContainer/Cursor_Upgrade6" to="." method="_on_upgrade_pressed"]
[connection signal="upgrade_pressed" from="HBoxContainer/UpgradesPanel/MarginContainer/VSplitContainer/ScrollContainer/FlowContainer/Clicker_Upgrade6" to="." method="_on_upgrade_pressed"]
[connection signal="upgrade_pressed" from="HBoxContainer/UpgradesPanel/MarginContainer/VSplitContainer/ScrollContainer/FlowContainer/Baker_Upgrade6" to="." method="_on_upgrade_pressed"]
[connection signal="upgrade_pressed" from="HBoxContainer/UpgradesPanel/MarginContainer/VSplitContainer/ScrollContainer/FlowContainer/Farm_Upgrade6" to="." method="_on_upgrade_pressed"]
[connection signal="upgrade_pressed" from="HBoxContainer/UpgradesPanel/MarginContainer/VSplitContainer/ScrollContainer/FlowContainer/Mine_Upgrade6" to="." method="_on_upgrade_pressed"]
[connection signal="upgrade_pressed" from="HBoxContainer/UpgradesPanel/MarginContainer/VSplitContainer/ScrollContainer/FlowContainer/Factory_Upgrade6" to="." method="_on_upgrade_pressed"]
[connection signal="upgrade_pressed" from="HBoxContainer/UpgradesPanel/MarginContainer/VSplitContainer/ScrollContainer/FlowContainer/Bank_Upgrade6" to="." method="_on_upgrade_pressed"]
[connection signal="upgrade_pressed" from="HBoxContainer/UpgradesPanel/MarginContainer/VSplitContainer/ScrollContainer/FlowContainer/Shipment_Upgrade6" to="." method="_on_upgrade_pressed"]
[connection signal="upgrade_pressed" from="HBoxContainer/UpgradesPanel/MarginContainer/VSplitContainer/ScrollContainer/FlowContainer/Portal_Upgrade6" to="." method="_on_upgrade_pressed"]
[connection signal="upgrade_pressed" from="HBoxContainer/UpgradesPanel/MarginContainer/VSplitContainer/ScrollContainer/FlowContainer/Donut_Man_Upgrade6" to="." method="_on_upgrade_pressed"]
[connection signal="upgrade_pressed" from="HBoxContainer/UpgradesPanel/MarginContainer/VSplitContainer/ScrollContainer/FlowContainer/Cursor_Upgrade7" to="." method="_on_upgrade_pressed"]
[connection signal="upgrade_pressed" from="HBoxContainer/UpgradesPanel/MarginContainer/VSplitContainer/ScrollContainer/FlowContainer/Clicker_Upgrade7" to="." method="_on_upgrade_pressed"]
[connection signal="upgrade_pressed" from="HBoxContainer/UpgradesPanel/MarginContainer/VSplitContainer/ScrollContainer/FlowContainer/Baker_Upgrade7" to="." method="_on_upgrade_pressed"]
[connection signal="upgrade_pressed" from="HBoxContainer/UpgradesPanel/MarginContainer/VSplitContainer/ScrollContainer/FlowContainer/Farm_Upgrade7" to="." method="_on_upgrade_pressed"]
[connection signal="upgrade_pressed" from="HBoxContainer/UpgradesPanel/MarginContainer/VSplitContainer/ScrollContainer/FlowContainer/Mine_Upgrade7" to="." method="_on_upgrade_pressed"]
[connection signal="upgrade_pressed" from="HBoxContainer/UpgradesPanel/MarginContainer/VSplitContainer/ScrollContainer/FlowContainer/Factory_Upgrade7" to="." method="_on_upgrade_pressed"]
[connection signal="upgrade_pressed" from="HBoxContainer/UpgradesPanel/MarginContainer/VSplitContainer/ScrollContainer/FlowContainer/Bank_Upgrade7" to="." method="_on_upgrade_pressed"]
[connection signal="upgrade_pressed" from="HBoxContainer/UpgradesPanel/MarginContainer/VSplitContainer/ScrollContainer/FlowContainer/Shipment_Upgrade7" to="." method="_on_upgrade_pressed"]
[connection signal="upgrade_pressed" from="HBoxContainer/UpgradesPanel/MarginContainer/VSplitContainer/ScrollContainer/FlowContainer/Portal_Upgrade7" to="." method="_on_upgrade_pressed"]
[connection signal="upgrade_pressed" from="HBoxContainer/UpgradesPanel/MarginContainer/VSplitContainer/ScrollContainer/FlowContainer/Donut_Man_Upgrade7" to="." method="_on_upgrade_pressed"]
[connection signal="upgrade_pressed" from="HBoxContainer/UpgradesPanel/MarginContainer/VSplitContainer/ScrollContainer/FlowContainer/Cursor_Upgrade8" to="." method="_on_upgrade_pressed"]
[connection signal="upgrade_pressed" from="HBoxContainer/UpgradesPanel/MarginContainer/VSplitContainer/ScrollContainer/FlowContainer/Clicker_Upgrade8" to="." method="_on_upgrade_pressed"]
[connection signal="upgrade_pressed" from="HBoxContainer/UpgradesPanel/MarginContainer/VSplitContainer/ScrollContainer/FlowContainer/Baker_Upgrade8" to="." method="_on_upgrade_pressed"]
[connection signal="upgrade_pressed" from="HBoxContainer/UpgradesPanel/MarginContainer/VSplitContainer/ScrollContainer/FlowContainer/Farm_Upgrade8" to="." method="_on_upgrade_pressed"]
[connection signal="upgrade_pressed" from="HBoxContainer/UpgradesPanel/MarginContainer/VSplitContainer/ScrollContainer/FlowContainer/Mine_Upgrade8" to="." method="_on_upgrade_pressed"]
[connection signal="upgrade_pressed" from="HBoxContainer/UpgradesPanel/MarginContainer/VSplitContainer/ScrollContainer/FlowContainer/Factory_Upgrade8" to="." method="_on_upgrade_pressed"]
[connection signal="upgrade_pressed" from="HBoxContainer/UpgradesPanel/MarginContainer/VSplitContainer/ScrollContainer/FlowContainer/Bank_Upgrade8" to="." method="_on_upgrade_pressed"]
[connection signal="upgrade_pressed" from="HBoxContainer/UpgradesPanel/MarginContainer/VSplitContainer/ScrollContainer/FlowContainer/Shipment_Upgrade8" to="." method="_on_upgrade_pressed"]
[connection signal="upgrade_pressed" from="HBoxContainer/UpgradesPanel/MarginContainer/VSplitContainer/ScrollContainer/FlowContainer/Portal_Upgrade8" to="." method="_on_upgrade_pressed"]
[connection signal="upgrade_pressed" from="HBoxContainer/UpgradesPanel/MarginContainer/VSplitContainer/ScrollContainer/FlowContainer/Donut_Man_Upgrade8" to="." method="_on_upgrade_pressed"]
[connection signal="upgrade_pressed" from="HBoxContainer/UpgradesPanel/MarginContainer/VSplitContainer/ScrollContainer/FlowContainer/Cursor_Upgrade9" to="." method="_on_upgrade_pressed"]
[connection signal="upgrade_pressed" from="HBoxContainer/UpgradesPanel/MarginContainer/VSplitContainer/ScrollContainer/FlowContainer/Clicker_Upgrade9" to="." method="_on_upgrade_pressed"]
[connection signal="upgrade_pressed" from="HBoxContainer/UpgradesPanel/MarginContainer/VSplitContainer/ScrollContainer/FlowContainer/Baker_Upgrade9" to="." method="_on_upgrade_pressed"]
[connection signal="upgrade_pressed" from="HBoxContainer/UpgradesPanel/MarginContainer/VSplitContainer/ScrollContainer/FlowContainer/Farm_Upgrade9" to="." method="_on_upgrade_pressed"]
[connection signal="upgrade_pressed" from="HBoxContainer/UpgradesPanel/MarginContainer/VSplitContainer/ScrollContainer/FlowContainer/Mine_Upgrade9" to="." method="_on_upgrade_pressed"]
[connection signal="upgrade_pressed" from="HBoxContainer/UpgradesPanel/MarginContainer/VSplitContainer/ScrollContainer/FlowContainer/Factory_Upgrade9" to="." method="_on_upgrade_pressed"]
[connection signal="upgrade_pressed" from="HBoxContainer/UpgradesPanel/MarginContainer/VSplitContainer/ScrollContainer/FlowContainer/Bank_Upgrade9" to="." method="_on_upgrade_pressed"]
[connection signal="upgrade_pressed" from="HBoxContainer/UpgradesPanel/MarginContainer/VSplitContainer/ScrollContainer/FlowContainer/Shipment_Upgrade9" to="." method="_on_upgrade_pressed"]
[connection signal="upgrade_pressed" from="HBoxContainer/UpgradesPanel/MarginContainer/VSplitContainer/ScrollContainer/FlowContainer/Portal_Upgrade9" to="." method="_on_upgrade_pressed"]
[connection signal="upgrade_pressed" from="HBoxContainer/UpgradesPanel/MarginContainer/VSplitContainer/ScrollContainer/FlowContainer/Donut_Man_Upgrade9" to="." method="_on_upgrade_pressed"]
[connection signal="upgrade_pressed" from="HBoxContainer/UpgradesPanel/MarginContainer/VSplitContainer/ScrollContainer/FlowContainer/Cursor_Upgrade10" to="." method="_on_upgrade_pressed"]
[connection signal="upgrade_pressed" from="HBoxContainer/UpgradesPanel/MarginContainer/VSplitContainer/ScrollContainer/FlowContainer/Clicker_Upgrade10" to="." method="_on_upgrade_pressed"]
[connection signal="upgrade_pressed" from="HBoxContainer/UpgradesPanel/MarginContainer/VSplitContainer/ScrollContainer/FlowContainer/Baker_Upgrade10" to="." method="_on_upgrade_pressed"]
[connection signal="upgrade_pressed" from="HBoxContainer/UpgradesPanel/MarginContainer/VSplitContainer/ScrollContainer/FlowContainer/Farm_Upgrade10" to="." method="_on_upgrade_pressed"]
[connection signal="upgrade_pressed" from="HBoxContainer/UpgradesPanel/MarginContainer/VSplitContainer/ScrollContainer/FlowContainer/Mine_Upgrade10" to="." method="_on_upgrade_pressed"]
[connection signal="upgrade_pressed" from="HBoxContainer/UpgradesPanel/MarginContainer/VSplitContainer/ScrollContainer/FlowContainer/Factory_Upgrade10" to="." method="_on_upgrade_pressed"]
[connection signal="upgrade_pressed" from="HBoxContainer/UpgradesPanel/MarginContainer/VSplitContainer/ScrollContainer/FlowContainer/Bank_Upgrade10" to="." method="_on_upgrade_pressed"]
[connection signal="upgrade_pressed" from="HBoxContainer/UpgradesPanel/MarginContainer/VSplitContainer/ScrollContainer/FlowContainer/Shipment_Upgrade10" to="." method="_on_upgrade_pressed"]
[connection signal="upgrade_pressed" from="HBoxContainer/UpgradesPanel/MarginContainer/VSplitContainer/ScrollContainer/FlowContainer/Portal_Upgrade10" to="." method="_on_upgrade_pressed"]
[connection signal="upgrade_pressed" from="HBoxContainer/UpgradesPanel/MarginContainer/VSplitContainer/ScrollContainer/FlowContainer/Donut_Man_Upgrade10" to="." method="_on_upgrade_pressed"]
[connection signal="auto_click" from="HBoxContainer/UpgradesPanel/MarginContainer/VSplitContainer/ScrollContainer2/VBoxContainer/Clicker" to="." method="_on_clicker_auto_click"]
[connection signal="clicker_bought" from="HBoxContainer/UpgradesPanel/MarginContainer/VSplitContainer/ScrollContainer2/VBoxContainer/Clicker" to="." method="_on_clicker_bought"]
[connection signal="auto_click" from="HBoxContainer/UpgradesPanel/MarginContainer/VSplitContainer/ScrollContainer2/VBoxContainer/Baker" to="." method="_on_clicker_auto_click"]
[connection signal="clicker_bought" from="HBoxContainer/UpgradesPanel/MarginContainer/VSplitContainer/ScrollContainer2/VBoxContainer/Baker" to="." method="_on_clicker_bought"]
[connection signal="auto_click" from="HBoxContainer/UpgradesPanel/MarginContainer/VSplitContainer/ScrollContainer2/VBoxContainer/Farm" to="." method="_on_clicker_auto_click"]
[connection signal="clicker_bought" from="HBoxContainer/UpgradesPanel/MarginContainer/VSplitContainer/ScrollContainer2/VBoxContainer/Farm" to="." method="_on_clicker_bought"]
[connection signal="auto_click" from="HBoxContainer/UpgradesPanel/MarginContainer/VSplitContainer/ScrollContainer2/VBoxContainer/Mine" to="." method="_on_clicker_auto_click"]
[connection signal="clicker_bought" from="HBoxContainer/UpgradesPanel/MarginContainer/VSplitContainer/ScrollContainer2/VBoxContainer/Mine" to="." method="_on_clicker_bought"]
[connection signal="auto_click" from="HBoxContainer/UpgradesPanel/MarginContainer/VSplitContainer/ScrollContainer2/VBoxContainer/Factory" to="." method="_on_clicker_auto_click"]
[connection signal="clicker_bought" from="HBoxContainer/UpgradesPanel/MarginContainer/VSplitContainer/ScrollContainer2/VBoxContainer/Factory" to="." method="_on_clicker_bought"]
[connection signal="auto_click" from="HBoxContainer/UpgradesPanel/MarginContainer/VSplitContainer/ScrollContainer2/VBoxContainer/Bank" to="." method="_on_clicker_auto_click"]
[connection signal="clicker_bought" from="HBoxContainer/UpgradesPanel/MarginContainer/VSplitContainer/ScrollContainer2/VBoxContainer/Bank" to="." method="_on_clicker_bought"]
[connection signal="auto_click" from="HBoxContainer/UpgradesPanel/MarginContainer/VSplitContainer/ScrollContainer2/VBoxContainer/Shipment" to="." method="_on_clicker_auto_click"]
[connection signal="clicker_bought" from="HBoxContainer/UpgradesPanel/MarginContainer/VSplitContainer/ScrollContainer2/VBoxContainer/Shipment" to="." method="_on_clicker_bought"]
[connection signal="auto_click" from="HBoxContainer/UpgradesPanel/MarginContainer/VSplitContainer/ScrollContainer2/VBoxContainer/Portal" to="." method="_on_clicker_auto_click"]
[connection signal="clicker_bought" from="HBoxContainer/UpgradesPanel/MarginContainer/VSplitContainer/ScrollContainer2/VBoxContainer/Portal" to="." method="_on_clicker_bought"]
[connection signal="auto_click" from="HBoxContainer/UpgradesPanel/MarginContainer/VSplitContainer/ScrollContainer2/VBoxContainer/Donut Man" to="." method="_on_clicker_auto_click"]
[connection signal="clicker_bought" from="HBoxContainer/UpgradesPanel/MarginContainer/VSplitContainer/ScrollContainer2/VBoxContainer/Donut Man" to="." method="_on_clicker_bought"]
