[gd_scene load_steps=23 format=3 uid="uid://dfmflldqy40xl"]

[ext_resource type="Script" path="res://assets/donut.gd" id="1_2ovm8"]
[ext_resource type="Texture2D" uid="uid://b0ynff4vc8ufk" path="res://assets/donut_tex.png" id="1_anq0i"]
[ext_resource type="Texture2D" uid="uid://dvnc13dphnsbn" path="res://assets/icing_tex.png" id="2_r0ego"]

[sub_resource type="StandardMaterial3D" id="StandardMaterial3D_4r5u7"]
albedo_texture = ExtResource("1_anq0i")

[sub_resource type="TorusMesh" id="TorusMesh_b58mo"]
material = SubResource("StandardMaterial3D_4r5u7")
inner_radius = 0.282

[sub_resource type="StandardMaterial3D" id="StandardMaterial3D_d18ia"]
transparency = 2
alpha_scissor_threshold = 0.5
alpha_antialiasing_mode = 0
albedo_color = Color(1, 0.356863, 0.505882, 1)
albedo_texture = ExtResource("2_r0ego")
roughness = 0.2

[sub_resource type="TorusMesh" id="TorusMesh_bbnd7"]
material = SubResource("StandardMaterial3D_d18ia")
inner_radius = 0.27
outer_radius = 1.01

[sub_resource type="CompressedTexture2D" id="CompressedTexture2D_i57v0"]
load_path = "res://.godot/imported/sprinkles_tex.png-d5e0999e949ee45dec15580a57a8f312.ctex"

[sub_resource type="StandardMaterial3D" id="StandardMaterial3D_hefyg"]
transparency = 2
alpha_scissor_threshold = 0.5
alpha_antialiasing_mode = 0
albedo_texture = SubResource("CompressedTexture2D_i57v0")
roughness = 0.08
uv1_scale = Vector3(1, 1.2, 1)
uv1_offset = Vector3(0, -0.175, 0)

[sub_resource type="TorusMesh" id="TorusMesh_8o3c5"]
material = SubResource("StandardMaterial3D_hefyg")
inner_radius = 0.27
outer_radius = 1.01

[sub_resource type="Animation" id="Animation_5vb86"]
length = 0.001
tracks/0/type = "value"
tracks/0/imported = false
tracks/0/enabled = true
tracks/0/path = NodePath("Donut:rotation")
tracks/0/interp = 1
tracks/0/loop_wrap = true
tracks/0/keys = {
"times": PackedFloat32Array(0),
"transitions": PackedFloat32Array(1),
"update": 0,
"values": [Vector3(0, -6.28319, 0)]
}

[sub_resource type="Animation" id="Animation_jb4j1"]
resource_name = "Spin"
length = 10.0
loop_mode = 1
tracks/0/type = "value"
tracks/0/imported = false
tracks/0/enabled = true
tracks/0/path = NodePath("Donut:rotation")
tracks/0/interp = 1
tracks/0/loop_wrap = true
tracks/0/keys = {
"times": PackedFloat32Array(0, 10),
"transitions": PackedFloat32Array(1, 1),
"update": 0,
"values": [Vector3(0, 0, 0), Vector3(0, -6.28319, 0)]
}

[sub_resource type="AnimationLibrary" id="AnimationLibrary_ufukl"]
_data = {
"RESET": SubResource("Animation_5vb86"),
"Spin": SubResource("Animation_jb4j1")
}

[sub_resource type="Animation" id="Animation_5hpw0"]
length = 0.001
tracks/0/type = "value"
tracks/0/imported = false
tracks/0/enabled = true
tracks/0/path = NodePath("Donut:scale")
tracks/0/interp = 1
tracks/0/loop_wrap = true
tracks/0/keys = {
"times": PackedFloat32Array(0),
"transitions": PackedFloat32Array(1),
"update": 0,
"values": [Vector3(1, 1, 1)]
}

[sub_resource type="Animation" id="Animation_5skpq"]
resource_name = "pop"
length = 0.3
tracks/0/type = "value"
tracks/0/imported = false
tracks/0/enabled = true
tracks/0/path = NodePath("Donut:scale")
tracks/0/interp = 1
tracks/0/loop_wrap = true
tracks/0/keys = {
"times": PackedFloat32Array(0, 0.1, 0.3),
"transitions": PackedFloat32Array(1, 1, 1),
"update": 0,
"values": [Vector3(0.9, 0.9, 0.9), Vector3(1.05, 1.05, 1.05), Vector3(1, 1, 1)]
}

[sub_resource type="AnimationLibrary" id="AnimationLibrary_jxtdm"]
_data = {
"RESET": SubResource("Animation_5hpw0"),
"pop": SubResource("Animation_5skpq")
}

[sub_resource type="Animation" id="Animation_p03q7"]
length = 0.001
tracks/0/type = "value"
tracks/0/imported = false
tracks/0/enabled = true
tracks/0/path = NodePath("Camera:rotation")
tracks/0/interp = 1
tracks/0/loop_wrap = true
tracks/0/keys = {
"times": PackedFloat32Array(0),
"transitions": PackedFloat32Array(1),
"update": 0,
"values": [Vector3(0, 0, 0)]
}

[sub_resource type="Animation" id="Animation_f1o2e"]
resource_name = "Rock"
length = 12.0
loop_mode = 1
tracks/0/type = "value"
tracks/0/imported = false
tracks/0/enabled = true
tracks/0/path = NodePath("Camera:rotation")
tracks/0/interp = 1
tracks/0/loop_wrap = true
tracks/0/keys = {
"times": PackedFloat32Array(0, 3, 9, 12),
"transitions": PackedFloat32Array(1, 1, 1, 1),
"update": 0,
"values": [Vector3(0, 0, 0), Vector3(0.349066, 0, 0), Vector3(-0.349066, 0, 0), Vector3(0, 0, 0)]
}

[sub_resource type="AnimationLibrary" id="AnimationLibrary_6org3"]
_data = {
"RESET": SubResource("Animation_p03q7"),
"Rock": SubResource("Animation_f1o2e")
}

[sub_resource type="Animation" id="Animation_brimc"]
resource_name = "Flip"
tracks/0/type = "value"
tracks/0/imported = false
tracks/0/enabled = true
tracks/0/path = NodePath("Donut/Gimbal:rotation")
tracks/0/interp = 1
tracks/0/loop_wrap = true
tracks/0/keys = {
"times": PackedFloat32Array(0, 0.5, 1),
"transitions": PackedFloat32Array(1, 1, 1),
"update": 0,
"values": [Vector3(0, 0, 0), Vector3(3.14159, 0, 0), Vector3(6.28319, 0, 0)]
}
tracks/1/type = "value"
tracks/1/imported = false
tracks/1/enabled = true
tracks/1/path = NodePath("Donut/Gimbal:position")
tracks/1/interp = 1
tracks/1/loop_wrap = true
tracks/1/keys = {
"times": PackedFloat32Array(0, 0.5, 1),
"transitions": PackedFloat32Array(1, 1, 1),
"update": 0,
"values": [Vector3(0, 0, 0), Vector3(0, -0.5, 0), Vector3(0, 0, 0)]
}

[sub_resource type="Animation" id="Animation_pxuay"]
length = 0.001
tracks/0/type = "value"
tracks/0/imported = false
tracks/0/enabled = true
tracks/0/path = NodePath("Donut/Gimbal:rotation")
tracks/0/interp = 1
tracks/0/loop_wrap = true
tracks/0/keys = {
"times": PackedFloat32Array(0),
"transitions": PackedFloat32Array(1),
"update": 0,
"values": [Vector3(0, 0, 0)]
}
tracks/1/type = "value"
tracks/1/imported = false
tracks/1/enabled = true
tracks/1/path = NodePath("Donut/Gimbal:position")
tracks/1/interp = 1
tracks/1/loop_wrap = true
tracks/1/keys = {
"times": PackedFloat32Array(0),
"transitions": PackedFloat32Array(1),
"update": 0,
"values": [Vector3(0, 0, 0)]
}

[sub_resource type="AnimationLibrary" id="AnimationLibrary_ucq2g"]
_data = {
"Flip": SubResource("Animation_brimc"),
"RESET": SubResource("Animation_pxuay")
}

[node name="Donut_Viewport" type="SubViewport"]
transparent_bg = true
script = ExtResource("1_2ovm8")

[node name="Donut" type="Node3D" parent="."]
transform = Transform3D(1, 0, -4.46638e-06, 0, 1, 0, 4.46638e-06, 0, 1, 0, 0, 0)

[node name="Gimbal" type="Node3D" parent="Donut"]

[node name="Donut" type="MeshInstance3D" parent="Donut/Gimbal"]
transform = Transform3D(1, 0, 0, 0, 1, 0, 0, 0, 1, -0.00173648, 0.000151923, 0)
mesh = SubResource("TorusMesh_b58mo")
skeleton = NodePath("../../..")

[node name="Icing" type="MeshInstance3D" parent="Donut/Gimbal"]
transform = Transform3D(1, 0, 0, 0, 1, 0, 0, 0, 1, 0, 0.01, 0)
mesh = SubResource("TorusMesh_bbnd7")
skeleton = NodePath("../../..")

[node name="Sprinkles" type="MeshInstance3D" parent="Donut/Gimbal"]
transform = Transform3D(1, 0, 0, 0, 1, 0, 0, 0, 1, 0.00173648, 0.0198481, 0)
mesh = SubResource("TorusMesh_8o3c5")
skeleton = NodePath("../../..")

[node name="Spin" type="AnimationPlayer" parent="."]
libraries = {
"": SubResource("AnimationLibrary_ufukl")
}

[node name="Pop" type="AnimationPlayer" parent="."]
speed_scale = 2.0
libraries = {
"": SubResource("AnimationLibrary_jxtdm")
}

[node name="Rock" type="AnimationPlayer" parent="."]
libraries = {
"": SubResource("AnimationLibrary_6org3")
}

[node name="Flip" type="AnimationPlayer" parent="."]
libraries = {
"": SubResource("AnimationLibrary_ucq2g")
}

[node name="DirectionalLight3D" type="DirectionalLight3D" parent="."]
transform = Transform3D(1, 0, 0, 0, -0.350207, 0.936672, 0, -0.936672, -0.350207, 0, 1.5, 0)
light_energy = 2.4

[node name="Camera" type="Node3D" parent="."]

[node name="Camera3D" type="Camera3D" parent="Camera"]
transform = Transform3D(1, 0, 0, 0, -4.37114e-08, 1, 0, -1, -4.37114e-08, 0, 1.75, 0)
current = true

[connection signal="animation_finished" from="Flip" to="." method="_on_flip_animation_finished"]
